3186 5310
524 454 802 518 SlBYLLINORUM
823 457 894 518 hlB.
919 458 942 518 1.

265 589 401 678 Imperia
413 588 583 653 ostendent
597 590 703 666 terris,
716 614 815 678 quum
828 591 948 657 foedere
965 594 1051 658 sacto

262 697 341 761 'l'res
351 695 429 781 justi
442 718 544 783 reges,
559 696 666 761 divisis
683 698 828 788 partibus
843 698 952 788 aequis,

176 803 236 890 295
263 804 394 892 Sceptra
409 801 464 867 diu
479 802 607 892 populis
619 804 796 893 imponent,
812 823 985 895 sanctaque
997 807 1127 873 tradent

261 910 335 974 Jura
352 909 439 995 viris,
460 910 576 1003 quibus
588 927 637 973 est
648 934 783 999 operum
799 912 848 1000 pia
864 936 939 976 cura
957 914 1129 980 bonorum.

261 1017 382 1105 Sponte
399 1040 455 1082 sua
473 1017 565 1081 tellus
577 1017 651 1081 laeto
668 1016 749 1081 feret
764 1020 862 1082 ubero
878 1019 999 1107 fruges,

262 1122 492 1213 spicarumque
508 1123 597 1209 gravi
608 1122 713 1188 reditu
725 1123 842 1189 ditabit
857 1126 1016 1191 alumnos.

262 1231 344 1310 Nec,
361 1229 496 1317 quitum
509 1230 627 1317 vivent,
640 1254 796 1294 annorum
812 1230 928 1295 damna
940 1232 1115 1311 timebunt,

173 1338 237 1402 Iloo
261 1337 323 1401 Sed
337 1337 461 1402 morbis
474 1361 600 1426 semper
616 1337 706 1402 vacui
725 1354 935 1426 expertesque
952 1338 1116 1411 dolorum,

260 1446 379 1525 Morte,
398 1445 486 1510 velut
496 1469 623 1521 somno,
639 1444 819 1527 cessabunt,
835 1445 931 1534 inque
944 1445 1106 1535 profunda

260 1550 434 1616 Devenient
452 1550 655 1628 Acherontis,
671 1551 726 1615 ubi
742 1575 802 1615 nec
820 1552 946 1616 honore
959 1554 1125 1619 carebunt.

261 1659 425 1722 Fortunati
445 1658 601 1734 homiues,
623 1675 768 1722 sanctum
780 1679 891 1744 genus,
902 1658 1012 1723 intima
1029 1683 1166 1750 quorum

261 1764 366 1846 Corda
379 1768 465 1841 Deus
477 1764 567 1829 finxit
583 1766 738 1844 Sabaoth,
760 1765 910 1855 ultroque
926 1767 1074 1855 benignis

172 1871 235 1936 305
261 1872 409 1937 Consiliis
422 1896 528 1937 mores
543 1889 575 1936 et
587 1874 691 1938 amico
707 1871 827 1937 lumine
843 1873 937 1939 rexit.

262 1978 381 2044 Invidia
395 1979 494 2068 digni,
509 1979 556 2043 vel
572 2003 672 2068 quum
687 1981 864 2068 susceperit
880 1980 966 2068 ipsos

261 2089 374 2167 Orous,
394 2103 499 2153 erunt.
549 2085 725 2151 Hominum
739 2085 880 2151 sedenim
895 2109 971 2172 gens
983 2086 1081 2152 altera
1094 2105 1216 2179 surget,

260 2193 387 2280 Ingens,
400 2191 577 2264 horribilis,
593 2193 745 2257 Titanum
758 2192 1002 2279 terrigenarum,

260 2297 360 2382 Queis
375 2298 488 2364 eadem
501 2299 607 2376 facies,
626 2299 739 2363 eadem
751 2314 878 2377 natura,
893 2299 1072 2388 modusque

172 2404 236 2469 310
261 2405 413 2495 Corporis
424 2422 457 2470 et
473 2405 607 2495 species,
627 2422 659 2469 et
671 2404 779 2493 lingua
789 2403 850 2470 erit
860 2405 1010 2472 omnibns
1019 2430 1093 2482 unu,

260 2511 393 2601 Lingua,
412 2512 548 2578 docente
558 2514 641 2590 Deo,
658 2511 816 2600 primaevis
829 2512 956 2599 cognita
970 2512 1080 2578 muudi

259 2619 399 2683 Civibus.
416 2620 474 2683 Ast
486 2618 560 2684 illos
574 2642 686 2683 vesana
703 2618 854 2709 superbia
866 2619 984 2685 mentis
998 2618 1001 2623 ’

259 2726 416 2816 lmpellet,
437 2742 559 2791 certam
572 2725 701 2790 sibimet
720 2725 831 2791 molita
845 2725 984 2803 ruinam,

260 2833 354 2898 Illato
371 2831 458 2898 bello
476 2833 637 2898 stellatum
651 2831 801 2897 invadere
812 2832 1001 2923 Olympum.

172 2939 234 3005 315
260 2942 297 3004 ln
314 2963 394 3028 quos
411 2939 577 3004 exundans
590 2938 708 3003 furiato
723 2939 846 3029 gurgite
861 2961 994 3026 magnus

260 3049 391 3134 ingruet
404 3047 563 3111 Oceanus.
580 3045 723 3110 Sabaoth
736 3045 791 3110 sed
808 3045 965 3110 maximus
979 3044 1066 3110 illum

256 3152 455 3240 Comprimet
467 3151 662 3238 indignans:
685 3152 895 3239 nequeenim
915 3150 1099 3240 disperdere
1119 3177 1228 3220 rursus

257 3260 445 3323 Perversum
465 3282 565 3345 genus
584 3257 734 3322 immissis
746 3259 939 3347 promiserat
955 3256 1059 3322 undis.

302 3363 364 3428 Sed
376 3382 548 3453 postquam
567 3364 709 3428 tumidos
721 3361 836 3427 lluctus
852 3362 1040 3453 rabiemque
1053 3366 1181 3430 citatam

168 3472 232 3537 320
255 3470 422 3535 Undarum
437 3472 500 3535 huc
512 3468 587 3533 illuc
601 3467 763 3555 disjecerit
775 3469 1024 3560 irrumpentum,

257 3581 429 3667 Quumque
447 3573 536 3640 novis
551 3595 661 3665 aequor
669 3575 852 3641 devinctum
868 3575 986 3642 finibus
999 3580 1081 3642 intra

257 3685 401 3750 Litoreos
416 3682 526 3749 obices
541 3681 778 3772 compresserit,
799 3682 1011 3774 oppositaque

257 3791 410 3856 Munierit
428 3806 514 3856 terra
525 3788 632 3878 magni
648 3788 695 3854 vis
707 3789 926 3871 Altitonantis,

201 4054 258 4102 201.
277 4047 560 4100 ΒεωτνεῐνοιΣαὸαώθ
570 4046 642 4106 inira,
652 4050 711 4106 316,
780 4050 837 4098 312.
857 4045 908 4097 Cir.
925 4045 968 4104 lll,
982 4046 999 4111 S
1013 4050 1038 4104 2,
1054 4045 1133 4097 initio.

166 4142 246 4192 neque
255 4125 314 4175 alias
328 4126 354 4174 in
364 4122 499 4190 Sibyllinis,
510 4121 556 4171 nisi
570 4121 595 4170 iu
608 4131 714 4187 quatuor
778 4126 836 4181 ³15,
850 4139 902 4188 sqq.
914 4121 949 4171 lie
961 4121 1018 4171 novi
1030 4121 1114 4172 diluvii
1128 4122 1200 4173 minis
1213 4125 1289 4177 allec

168 4201 258 4251 ultimis
278 4199 361 4258 libris,
386 4197 446 4248 locis
468 4195 568 4246 forsitan
591 4196 650 4246 hinc
670 4197 713 4246 de·
744 4198 895 4263 compressis,
915 4196 1212 4259 conlerllnocbilibntm,
1231 4216 1288 4268 esp.

167 4277 277 4344 sumptis.
746 4276 785 4324 54.
799 4272 862 4323 Fons
874 4273 938 4338 apud
959 4272 1071 4322 Genesim
1082 4288 1137 4339 cap.
1164 4278 1189 4332 8,
1207 4291 1229 4325 v.
1244 4279 1286 4333 21,

202 4357 259 4403 3011.
269 4351 408 4402 Notandum
415 4353 533 4405 ἕκαστον,
543 4347 577 4398 ita
591 4348 641 4398 lere
653 4364 713 4398 con·
745 4358 769 4397 et
783 4364 836 4415 cap.
854 4352 878 4404 a,
892 4364 915 4397 v.
934 4352 975 4407 15,
988 4364 1025 4414 sq.
1184 4342 1189 4349 ¹

168 4437 285 4478 structum
293 4425 536 4493 utiipposepovspud
544 4423 646 4488 Homy,
655 4426 711 4474 tto.
780 4427 836 4474 322.
857 4423 933 4473 Codd.
949 4424 1076 4487 ὀλιγωθιίη
1088 4438 1095 4474 :
1106 4439 1151 4474 nos
1163 4440 1227 4475 corr.
1242 4426 1288 4477 La·

203 4506 260 4553 tto.
277 4503 346 4552 Pritn
355 4501 450 4551 hemist.
460 4517 491 4550 ex
501 4500 616 4556 Homero,
632 4498 678 4550 Od.
690 4505 712 4556 ζ,
745 4515 832 4549 cunam
844 4499 948 4559 deinde,
967 4499 1091 4566 ingentem
1104 4499 1161 4551 lieet
1174 4510 1199 4551 et
1212 4504 1289 4553 maui-

171 4583 232 4636 ιω
248 4579 352 4628 tiresum
363 4594 393 4627 ex
404 4575 488 4642 Sibyll.
503 4575 546 4628 tu.
559 4578 600 4623 ss.
746 4573 840 4634 ratam,
850 4575 923 4640 primi
937 4558 980 4626 not
990 4575 1145 4626 uincimus.
