3186 5310
402 486 404 490 Α
497 431 779 494 SIBYLLINORUM
798 431 870 493 utss.
892 432 916 493 l.
1232 433 1271 494 29

242 560 517 640 Conficiebantnr3
534 562 724 654 placidoque
737 561 896 629 simillima
910 584 1037 648 somno,

241 668 332 734 Mors
346 670 523 760 obrepebat
534 671 606 736 vitae
621 694 731 737 secura
747 673 860 736 beatae.

242 775 361 841 Felices
372 795 404 843 et
421 777 627 866 magnanimi,
644 803 726 869 quos
738 803 880 845 summus
893 776 1011 843 amavit

241 885 308 948 Rex
322 886 419 952 Deus.
433 888 475 951 Et
488 902 595 952 tamen
613 887 674 953 hos
686 886 763 952 olim
778 884 936 951 dementia
953 885 1050 975 cepit,

175 988 216 1070 75
241 992 350 1073 Quum
363 994 430 1079 jam
444 993 547 1059 nullus
559 1018 650 1060 amor
664 1012 802 1084 patrum,
818 1010 873 1057 aut
886 991 1063 1057 reverentia
1074 1008 1225 1071 matrum,
1265 999 1267 1004 ’

241 1099 392 1186 Cognatis
409 1125 474 1165 non
490 1101 573 1166 ullus
586 1102 691 1168 honos
709 1130 716 1166 :
732 1101 808 1191 quin
823 1100 975 1165 fratribus
990 1098 1067 1189 ipsis

240 1206 488 1292 lnsidiahantur,
503 1209 657 1297 perversi,
673 1209 825 1298 sanguine
845 1207 934 1287 foedi,

238 1318 373 1380 Atroees
386 1313 480 1381 bellis
497 1343 505 1380 ι
524 1339 605 1405 quos
617 1316 728 1381 ultima
742 1315 877 1405 perculit
889 1316 947 1393 ira,

239 1421 287 1485 De
306 1422 383 1487 caelo
397 1439 500 1488 tactos
515 1441 570 1488 aut
585 1423 664 1488 dura
677 1440 781 1489 morte
795 1439 991 1514 peremptos.

150 1539 160 1558 ²
174 1526 215 1591 80
243 1529 347 1594 Orcus
372 1553 427 1594 eos
443 1530 538 1620 cepit,
554 1554 657 1619 graeco
672 1529 725 1620 qui
743 1530 873 1595 nomine
888 1529 992 1594 dictus

237 1636 295 1700 Est
308 1636 428 1716 Badeo,
445 1635 534 1726 quod
547 1638 670 1727 primus
687 1661 726 1702 eo
744 1636 944 1704 descenderit
960 1636 1077 1718 Adam,

236 1743 394 1831 Expertus
408 1743 521 1809 mortis
539 1745 653 1835 legem,
667 1761 817 1834 terraque
829 1761 994 1835 repostum

215 1833 220 1837 .
236 1849 329 1914 Unde
345 1850 504 1928 homines,
522 1869 683 1940 quotquot
694 1852 822 1934 fuerint,
835 1850 958 1917 telluris
976 1847 1108 1936 alumni,

207 1965 209 1971 ’
237 1957 381 2022 Infernas
395 1959 495 2023 Hadae
509 1960 601 2025 sedes
615 1958 765 2025 dicuntur
778 1958 879 2025 adire.

173 2062 214 2130 85
240 2064 309 2129 Nec
321 2063 427 2130 minus
445 2065 579 2144 interea,
597 2090 678 2155 quos
692 2066 813 2155 primos
828 2063 957 2130 abstulit
976 2067 1092 2144 Orcus,

237 2170 288 2236 Ob
303 2194 402 2260 genus
417 2172 586 2262 antiquum
598 2173 700 2262 primo
717 2173 911 2238 decorantur
929 2172 1064 2239 honore.

281 2277 341 2343 His
355 2280 453 2344 semel
470 2280 600 2346 inclusis
614 2298 709 2365 terra,
726 2303 826 2368 genus
838 2279 913 2346 inde
929 2278 1107 2345 secundum

237 2382 392 2452 Conflavit
410 2390 497 2453 Deus
511 2412 529 2452 e
545 2389 690 2479 reliquis,
706 2412 785 2478 quos
803 2386 938 2476 plurima
954 2386 1055 2452 virtus

236 2491 363 2559 Exemit
376 2493 454 2563 fato.
470 2494 566 2560 Nulla
581 2496 642 2560 hac
656 2495 858 2585 praestantior
873 2512 961 2578 retas,

166 2619 211 2685 9⁰
234 2599 370 2666 Utilium
381 2601 495 2668 studiis
509 2626 657 2692 operum,
673 2621 825 2692 castoque
842 2602 979 2693 pudore,

234 2707 276 2771 Et
285 2705 462 2799 disciplinis
472 2709 586 2794 variis3
604 2727 752 2801 artesque
766 2710 916 2776 colebant

235 2815 323 2897 Quas
334 2833 448 2910 natura
460 2841 557 2908 sagax
569 2835 601 2883 et
611 2842 690 2909 quas
706 2819 853 2884 extundit
865 2833 1000 2906 egestas.

235 2921 296 2988 Hic
310 2939 430 2990 terram
441 2923 553 2991 docuit
568 2924 696 3011 fodere,
711 2926 764 2991 ille
777 2924 902 2991 fabrilia
913 2924 1035 3016 primus

234 3029 360 3094 Invenit
376 3053 384 3095 t
401 3031 533 3121 quidam
549 3033 703 3098 torrentia
714 3031 846 3099 flumina
861 3049 966 3097 tranat
985 3057 993 3098 :

171 3133 214 3220 95
239 3135 350 3201 Sidera
361 3155 545 3227 suspectant
555 3139 619 3228 atii,
637 3140 845 3206 attenduntve
857 3140 1025 3204 voluerum

233 3243 396 3332 Auguriis‚
413 3247 556 3335 magicos
570 3247 649 3311 ritus
663 3265 719 3313 aut
733 3249 904 3337 pharmaca
917 3263 1031 3335 curant
1048 3273 1055 3309 ε

168 3435 171 3447 Ι
234 3349 305 3414 Arti
320 3351 455 3440 quisque
472 3377 536 3419 suoe
554 3371 647 3420 vacat
665 3354 801 3445 impiger
818 3371 851 3418 et
864 3353 968 3419 studia
985 3369 1088 3441 urget,

235 3456 328 3522 Unde
340 3461 536 3548 Repertores
546 3460 580 3525 hi
592 3478 664 3525 sunt
675 3460 860 3551 Vigilesque
874 3459 991 3537 vocati,

234 3567 383 3630 Arrectas
401 3567 491 3655 quod
506 3591 573 3632 non
586 3567 726 3633 sinerent
741 3569 941 3658 requiescere
961 3584 1096 3633 mentes.

149 3693 210 3737 too
232 3671 382 3739 Membra
398 3673 491 3740 simul
506 3674 622 3760 valida,
640 3692 672 3741 et
688 3675 802 3742 formis
815 3700 951 3765 procera
966 3673 1144 3740 tremendis

178 3879 218 3927 tt.
239 3875 316 3927 Godd.
331 3876 451 3944 plerique,
461 3888 486 3929 et
496 3894 540 3928 nos
548 3879 616 3936 olim,
628 3879 689 3945 ἀμη-
757 3881 797 3929 99.
817 3878 893 3928 Codd.
908 3877 1007 3940 ταύτης,
1023 3874 1266 3935 abhorrendam,

144 3951 354 4016 wlodoweium
368 3970 450 4003 :nunc
463 3969 526 4003 corr.
537 3969 567 4004 ex
580 3953 689 4020 Theogn.
722 3955 786 4005 sicut
802 3954 853 4005 lere
866 3955 997 4010 παντοίους
1010 3961 1035 4003 et
1046 3953 1174 4008 παντοίας,
1194 3967 1267 4017 supra

145 4031 204 4085 385,
214 4027 256 4093 ubi
271 4037 305 4078 est
319 4031 430 4095 :Matre‘p'
443 4031 582 4097 ἀμηχανίην
593 4030 689 4080 ἔλαὸον.
724 4033 765 4088 68,
783 4034 830 4090 92,
852 4032 944 4097 pariter
962 4031 992 4079 ad
1012 4045 1106 4078 versum
1125 4037 1266 4093 sequentem

145 4105 194 4155 cn.
210 4106 285 4155 etiam
297 4105 361 4172 virg.
374 4107 460 4173 Georg.
475 4107 495 4166 l,
514 4112 570 4160 lte.
723 4108 820 4172 rejecta.
837 4107 929 4157 Deinde
945 4106 1020 4155 iidem
1042 4105 1113 4154 codd.
1136 4107 1174 4155 ὅτι
1192 4105 1264 4169 φασίν

178 4182 218 4231 tt.
239 4182 315 4231 Codd.
342 4184 478 4250 μιμηλότε,
503 4194 592 4251 praeter
615 4201 691 4233 unum
722 4184 821 4233 reldrrt
831 4184 914 4248 φρεσίν
925 4198 967 4231 seu
978 4181 1090 4248 φρτασίν,
1108 4179 1269 4230 lectioneuti·

144 4256 243 4309 fortasse
252 4258 432 4320 neronianum,
446 4260 472 4310 in
484 4276 533 4326 quo
542 4260 689 4319 Volkmann,
722 4258 900 4323 quenonsatis,
914 4255 1226 4320 uerrobisquidem‚certa;
1239 4272 1268 4306 ac

145 4333 183 4385 tir
194 4336 288 4395 doctus,
301 4337 364 4386 visus
378 4347 413 4387 est
427 4336 473 4387 sibi
491 4337 570 4403 legere
585 4337 690 4403 μεμηλό·
722 4333 810 4384 deinde
829 4349 912 4382 omncs
931 4332 1086 4395 ἀκύμαντον,
1105 4347 1149 4397 pro
1162 4347 1211 4396 quo
1223 4347 1267 4380 nos

145 4428 184 4474 τα,
200 4413 285 4479 utique
300 4423 374 4464 recte.
390 4412 690 4480 Nosconjecturamlrunc
722 4413 905 4476 ἁκοίμητον.υῑ
930 4410 1092 4475 Ἐγρήγοροι,
1112 4407 1265 4484 evigiles»,
1317 4407 1321 4415 '

144 4487 232 4553 cupide
247 4489 426 4556 amplectimur,
451 4489 487 4539 sic
497 4499 579 4540 tamen
596 4497 624 4540 ut
642 4488 688 4554 legi
718 4488 774 4553 jure
787 4485 868 4535 vocari
881 4484 981 4550 possint.

142 4561 255 4612 malimus
267 4561 294 4612 in
304 4578 387 4614 tersus
401 4563 473 4614 initio
483 4562 572 4621 ἄλλοις.
757 4565 811 4612 100.
828 4560 876 4610 Alii
891 4560 962 4610 codd.
979 4558 1115 4618 ἄπληστον.
