3186 5310
237 384 295 444 ιιι
563 347 825 444 mmmm
847 385 973 444 πονοι
994 388 1026 442 ο.

346 530 552 613 Κωφότατον,
566 519 662 595 νωδόν
678 554 725 611 τε,
743 530 862 621 βροτῶν
881 531 1060 622 πολοαλγέα
1071 522 1199 602 λώόην·

270 661 310 702 ιο
349 623 426 703 Ᾱλλ’
444 631 475 700 θν
492 626 565 701 ίδεῖν
580 637 635 701 οὐκ
650 637 728 701 ἔστιν
745 636 806 701 ἀπὸ
819 636 938 727 χθονὸς,
953 626 1024 702 οὐδὲ
1040 644 1186 727 μετρῆσαι

345 725 490 835 ὄμμασιν
511 744 540 807 ίν
556 742 685 823 θνητοῖς,
700 745 733 808 οὐ
752 743 927 810 πλασθέντα
941 744 1006 833 χερὶ
1027 743 1140 834 θνητῇ·

345 824 403 931 ὸς,
418 850 553 940 καθορῶν
567 847 632 938 ἅμα
647 847 778 934 πάντας,
793 851 843 914 ὑπ’
860 841 981 926 οὐδενὸς
999 850 1089 923 αὐτὸς
1104 850 1236 939 ὁρᾶται·

346 950 393 1020 Ol
411 948 464 1032 νύξ
486 980 519 1021 τε
539 946 669 1046 δνοφίρύ
688 980 735 1038 τε,
754 956 805 1020 καὶ
820 958 929 1047 ἡμέρη,
947 955 1047 1031 ἠέλιός
1069 979 1114 1037 τε,

351 1039 469 1154 Ᾰστρα,
484 1062 625 1134 σεληναίη
640 1087 687 1148 τε,
705 1059 757 1126 καί
776 1060 937 1153 ίχθυόεσσα
956 1059 1110 1143 θυθιασσα,

271 1165 308 1231 15
349 1165 412 1232 Καὶ
429 1178 481 1261 γῆ,
496 1168 547 1233 καὶ
562 1166 701 1258 ποταμοί
713 1192 756 1246 τε,
768 1169 822 1234 καὶ
835 1166 949 1232 ἀενάων
963 1165 1065 1257 στόμα
1078 1173 1195 1258 πηγῶν,

347 1271 514 1364 Κτίσματα
528 1275 603 1364 πρὸς
617 1268 709 1357 ζωὴν,
724 1270 834 1365 ὄμύροι
851 1274 875 1339 θ’
889 1273 953 1363 ἀμα
969 1274 1086 1362 καρπὸν
1102 1272 1231 1364 ἀρούρης

341 1378 504 1457 Τίκτοντες
520 1379 571 1445 καὶ
589 1370 703 1470 δένδρα
716 1378 769 1444 καὶ
782 1377 932 1472 ἄμπελον,
948 1376 1042 1470 αὐτὰρ
1058 1378 1170 1452 ε’λαίην.

345 1483 447 1563 Οὗτός
463 1511 513 1576 μοι
526 1486 665 1579 μάστιγα
681 1476 734 1551 διὰ
748 1486 853 1576 ρρενὸς
865 1484 976 1558 ἤλασεν
993 1484 1075 1567 εἴσω,

344 1579 522 1684 Ᾰνθρύποις
537 1593 595 1657 ὅσα
609 1601 659 1658 νῦν
672 1617 707 1657 τε
721 1594 772 1658 καὶ
789 1593 915 1659 ὁππόσα
928 1591 1051 1658 ἔσσεται
1065 1588 1162 1672 αὖθις,

266 1723 307 1763 20
345 1683 392 1764 Εκ
406 1700 531 1789 πρώτος
548 1707 651 1790 γενεῆς
667 1693 754 1788 ἀχρις
769 1683 812 1791 [ἐς
828 1683 974 1791 δεκάτην]
989 1696 1160 1788 ἀφικέσθαι,

278 1863 282 1873 .
346 1791 505 1899 Ᾰτρεκίως
523 1795 701 1880 καταλέξαι.
720 1787 855 1872 Ᾰπαντα
868 1799 927 1898 γὰρ
947 1803 1039 1880 αίτθς
1057 1797 1170 1892 ἐλέγξει

343 1894 498 1987 Εξανύων.
516 1909 556 1977 Σὺ
572 1900 607 1976 δὲ
625 1909 741 1986 πάντα,
756 1914 847 1994 λεὼς,
865 1911 996 1978 ἐπάκουε
1015 1903 1165 1986 Σιόύλλης

346 2001 494 2095 Εξὸσίου
513 2016 682 2108 στόματος,
702 2026 802 2106 φωνην
821 2019 1005 2108 προχέοντος
1026 2015 1136 2089 ἀληθῆ.
1208 2048 1213 2064 ·

397 2103 509 2189 Olenon
527 2122 692 2213 ἀνθρώπων
709 2130 800 2189 κεῖνοι
819 2119 900 2189 κατὰ
917 2129 1006 2216 γαῖαν
1026 2123 1164 2203 ἔσονται,

264 2230 305 2298 25
344 2209 441 2297 ὀσσοι
456 2219 495 2302 δὴ
511 2223 667 2322 στέρξουσι
678 2232 755 2296 Θεὸν
771 2232 879 2322 μέγαν,
892 2233 1080 2321 εὐλογέοντες

344 2337 421 2428 Πρὶν
435 2337 554 2428 ραγέειν
570 2339 660 2403 πιέειν
681 2361 727 2423 τε,
744 2336 924 2414 πεποιθότες
943 2330 1129 2428 εύσεύίησιν·

345 2441 387 2510 Ol
398 2443 488 2520 νηούς
502 2442 556 2532 μὲν
571 2441 710 2518 ἅπαντας
726 2443 953 2532 ἀπαρνύσονται
969 2433 1097 2524 ἰδόντες,

344 2548 408 2614 Καὶ
424 2549 545 2638 βωμοὺς
562 2545 661 2613 εἰκαῖα
677 2547 768 2614 λίθων
787 2540 986 2639 ἀφιδρύματα
1005 2559 1126 2639 κυρῶν,

344 2640 423 2747 [Καὶ
436 2655 536 2721 λίθινα
550 2646 644 2730 ξόανα
659 2654 711 2720 καί
727 2653 895 2746 ἀγάλματα
909 2641 1137 2749 χειροποίητα,]
1164 2681 1167 2685 ·

341 2763 473 2851 Αίμασιν
496 2756 639 2850 ἐμψύχων
660 2761 864 2851 μεμιασμίνα,
883 2760 934 2826 καί
953 2759 1071 2853 θυσίῃσι

263 2857 305 2937 3'0
344 2870 372 2932 Τ
373 2856 552 2956 ετραπόδων
567 2892 574 2906 ·
589 2867 729 2932 λεύσουσι
745 2858 775 2932 δ’
794 2867 857 2943 ἑνὸς
881 2866 961 2933 Θεοῦ
976 2872 1005 2944 ἐς
1024 2869 1104 2961 μέγα
1122 2857 1227 2954 κῦδος,

341 2976 424 3042 Ούτε
440 2972 530 3063 φόνον
546 2965 684 3063 ῥέξαντες
703 2969 889 3059 ἀτάσθαλον,
907 2975 978 3040 ούτε
995 2979 1142 3040 κλοπαῖον

342 3070 460 3171 Κέρδυς
480 3079 737 3168 ἀπεμπυλίοντις,
756 3075 775 3143 ἀ
795 3070 833 3152 δὴ
855 3077 976 3171 ῥίγιστα
998 3081 1164 3145 τέτυκται·

223 3242 231 3250 .
338 3178 418 3255 Οὐδ’
434 3182 482 3278 ἀρ’
496 3186 543 3251 ἐπ’
557 3183 703 3278 ἀλλοτρίη
723 3184 810 3277 κοίτη
831 3184 924 3252 πόθον
940 3184 1065 3277 αἰσχρὸν
1081 3187 1214 3276 ἔχοντες,

231 3414 262 3424 -
276 3387 319 3449 2⁴,
338 3402 392 3452 νοις.
412 3384 476 3435 Laus
492 3383 620 3434 hominum
637 3384 799 3449 quorumdam
816 3384 912 3450 piorum
924 3384 1129 3449 [Chrislinnorum
1142 3386 1271 3453 videlioetl.
1290 3404 1355 3454 quo-

228 3482 285 3516 rum
298 3481 378 3516 mom
392 3465 564 3516 describuntur
583 3464 683 3530 optimi.
700 3465 770 3530 louge
787 3466 820 3516 ab
840 3465 912 3531 hujus
925 3467 1011 3515 muudi
1027 3466 1092 3516 νίιίίε
1101 3465 1278 3530 abhorrentes,
1293 3469 1355 3522 lim

229 3549 296 3616 vulgi
309 3547 521 3601 criminationibus
539 3548 648 3608 obnoxii,
665 3549 707 3597 sed
718 3548 853 3615 aliquando
865 3549 909 3599 Dei
919 3549 1013 3614 judicio
1024 3549 1173 3602 vindicandi.
1186 3580 1216 3590 -

263 3725 303 3772 ll.
322 3720 386 3771 Olim
398 3719 507 3786 ὄμμασιν
523 3719 549 3768 ἐν
564 3720 674 3778 θνητοῖς·
687 3719 740 3785 χεὶρ
753 3721 775 3770 δ’
843 3725 881 3772 ll.
901 3720 966 3771 Olim
977 3722 1019 3771 καὶ
1031 3721 1134 3787 ἄμπελοι
1147 3724 1190 3782 ἡδί
1203 3721 1226 3773 τ’
1238 3723 1327 3775 ἐλαῖαι.

226 3795 248 3847 θ’
262 3796 310 3847 οὐκ
320 3798 410 3847 ίπλασε
429 3794 541 3858 θνητῶν,
560 3794 627 3860 quod
643 3802 776 3859 utcumque
842 3798 881 3844 19.
900 3795 965 3846 Olim
975 3797 1067 3859 γίνεται
1077 3814 1121 3863 pro
1133 3798 1243 3848 ίσαεται.

227 3886 410 3921 eon-exeramus
425 3888 432 3922 ;
450 3886 516 3920 nuuc
530 3870 626 3919 codices
642 3884 718 3918 novos
738 3885 775 3919 εε-
840 3874 881 3922 θθ.
900 3870 977 3920 Codd.
987 3887 1080 3932 omnes,
1093 3888 1169 3938 quum
1179 3883 1281 3933 νειεται,
1296 3881 1352 3923 lum

228 3945 336 4015 quimur.
805 3946 875 4006 novi,
895 3944 965 4011 ἀχρις
982 3947 1128 4006 ἑνδεκάτης,
1150 3947 1197 3997 nisi
1218 3948 1284 4012 quod
1296 3947 1353 4012 qui·

264 4022 303 4072 12.
323 4018 375 4071 Clr.
389 4018 493 4070 Prooem.
505 4023 530 4083 8,
544 4035 592 4084 σιμ,
607 4018 650 4068 uhi
664 4017 706 4068 hic
720 4035 775 4068 νον·
805 4021 860 4070 dam
870 4021 894 4069 ἐν
904 4021 1010 4081 δεκάτης
1022 4023 1083 4085 (sic).
1099 4021 1146 4071 Sed
1158 4023 1223 4088 tpud
1233 4021 1351 4088 Sibyllam

227 4095 303 4147 ιιιείιι
315 4096 376 4146 duos
385 4095 539 4145 distrahitur.
805 4095 891 4145 ultima
906 4110 1000 4161 semper
1013 4096 1136 4161 generatio
1151 4097 1246 4147 decim
1260 4107 1313 4160 αι,
1326 4107 1352 4148 ει

264 4174 302 4222 ll.
321 4168 385 4220 Olim
398 4172 488 4230 σελήνη
502 4187 539 4222 τι.
805 4169 840 4221 sic
851 4169 923 4227 ἰαίνει,
939 4175 980 4227 ll.
994 4174 1025 4220 86
1040 4172 1113 4222 :vide
1124 4182 1177 4222 not.

262 4251 302 4297 15.
321 4243 386 4295 Olim
399 4254 453 4311 ροιι
464 4245 573 4309 ποταμοί
585 4246 667 4294 deerat
680 4262 716 4294 τι.
838 4248 879 4294 21.
899 4244 962 4295 Olim
974 4245 1000 4294 in
1012 4246 1060 4296 fine
1074 4248 1149 4303 αὐτὸς
1160 4245 1248 4302 ἔλεξεν.

264 4325 303 4373 16.
322 4321 454 4383 Κτίσματα
462 4320 523 4386 πρὸς
532 4320 596 4379 ζώην
607 4336 673 4368 nunc
682 4319 772 4370 intelli·
837 4323 878 4370 2³.
899 4319 960 4370 Novi
979 4321 1050 4371 codd.
1067 4324 1242 4388 προχέενσαν,
1261 4339 1351 4373 amco-

227 4394 305 4462 gimun
318 4411 347 4444 οε
358 4411 412 4459 ιμιιε
421 4393 517 4443 vivendi
531 4410 602 4444 οιυιι
614 4404 696 4444 emta
705 4405 771 4461 sunt,
805 4395 874 4445 lutho
886 4396 911 4444 in
924 4395 1049 4462 Sibyllinis
1062 4414 1111 4446 non
1126 4414 1191 4447 raro.

227 4471 252 4522 id
265 4480 312 4531 εει,
326 4469 440 4521 animalia
457 4486 463 4518 ;
478 4469 551 4520 aliter
564 4485 608 4519 nos
620 4469 688 4520 olim.
839 4474 879 4522 24.
899 4468 1016 4534 lustinus,
1035 4472 1135 4524 Cohort
1151 4473 1167 4538 S
1186 4477 1226 4534 15,
1242 4473 1308 4524 hunc
1326 4483 1350 4522 et
