3186 5310
607 458 822 527 PRAEFATIO.
1227 470 1279 517 xlx

167 624 181 650 ι
202 593 254 680 [id
272 609 339 685 est,
354 592 492 658 alterum
508 592 710 680 interficiet];
729 591 783 657 sed
802 608 909 657 tamen
928 590 980 655 hic
1002 590 1114 678 [alter]
1130 588 1236 678 gladio
1250 588 1283 654 in

168 730 183 757 c
202 699 383 765 novissimis
400 699 503 767 cadet.
523 731 537 758 ι
1132 752 1135 757 ,

208 809 285 874 Haec
302 798 537 897 ego'pleraque,
558 807 643 873 hunc
657 831 733 873 vero
750 806 888 874 maxime
901 804 1148 895 pseudo-Badrin
1162 806 1282 884 locum,

166 933 200 982 et
218 915 297 981 illud
319 939 414 1004 supra
437 915 500 980 divi
529 915 696 1004 Hippolyti
714 913 933 982 testimonium
958 912 1036 977 olim
1060 934 1282 1001 exposueram,

166 1045 266 1110 quum
285 1023 318 1087 in
338 1020 456 1113 prioris
474 1022 626 1088 editionis
639 1045 720 1088 meae
735 1024 813 1087 Exc.
837 1026 875 1105 V,
894 1038 964 1098 tum
979 1021 1013 1085 in
1029 1021 1113 1085 curis
1126 1020 1286 1110 posterio-
1367 1045 1372 1057 ·

165 1130 254 1195 ribus
269 1128 310 1194 ad
322 1128 468 1218 quintum
480 1128 599 1194 librum
617 1156 624 1194 :
641 1151 712 1218 quae
723 1129 749 1193 si
762 1128 888 1218 legisset
902 1125 1107 1192 doctissimus
1119 1126 1281 1206 Ewaldus‚

165 1235 274 1302 forsan
298 1237 358 1302 bac
378 1236 567 1301 Praefatione
591 1260 672 1326 opus
694 1236 773 1302 milri
797 1259 862 1301 non
886 1235 1007 1300 luisset.
1027 1234 1091 1300 Sed
1110 1233 1282 1318 existimat,

165 1344 212 1408 uti
225 1366 311 1423 reor,
329 1341 378 1406 vir
403 1342 664 1432 occupatissimus
681 1342 798 1408 alienas
810 1342 1047 1408 lucubrationes
1061 1339 1196 1408 nimium
1222 1339 1283 1406 sibi

166 1450 322 1540 temporis
338 1450 507 1515 detrahere
525 1478 532 1515 ε
551 1451 637 1516 unde
654 1451 804 1516 solemnis
818 1448 847 1514 ei
863 1449 1073 1528 consuetudo,
1094 1466 1130 1514 ut
1146 1471 1217 1537 quae
1231 1471 1286 1515 ra-

167 1560 310 1624 tionibus
325 1559 469 1626 evincere
479 1560 613 1649 longum
623 1575 762 1637 censeat,
779 1557 912 1624 fastidiis
922 1558 1041 1643 eludat,
1056 1557 1281 1624 sicutDisscrt.

166 1689 240 1756 pag.
263 1691 315 1749 ro,
332 1685 400 1735 not.
422 1692 435 1733 t
458 1695 466 1732 ι
488 1666 609 1731 «Nihil
632 1682 681 1732 est
701 1666 807 1754 itaque
824 1667 911 1755 quod
928 1666 1139 1732 immoremur
1153 1683 1219 1731 tam
1235 1665 1282 1730 le·

166 1773 248 1839 viter
259 1776 352 1860 jactis
365 1773 569 1865 opinionibus
583 1791 615 1838 ct
634 1773 835 1860 conjecturis.
858 1804 870 1830 ι»
890 1775 983 1851 Item,
1000 1797 1073 1863 pag.
1094 1777 1252 1852 14‚n0t.1
1274 1799 1282 1838 :

171 1911 186 1937 ι
205 1881 298 1947 Ratio
324 1881 392 1973 ipsa
409 1905 472 1971 qua
496 1883 532 1947 C.
552 1881 733 1946 Alexandre
751 1881 862 1946 decem
880 1881 933 1946 hic
959 1883 1122 1947 Romanos
1145 1882 1285 1946 Caesares

167 2013 241 2056 cum
255 1991 416 2057 Hadriano
430 1990 497 2056 vult
513 1991 667 2072 invenire,
681 1990 771 2055 nullo
791 1987 889 2054 modo
906 2005 990 2054 stare
1005 2006 1124 2078 potest.
1150 2021 1164 2048 s
1188 1991 1282 2078 Item,

168 2122 242 2187 pag.
263 2123 315 2186 19,
331 2117 401 2163 not.
421 2123 434 2163 1
455 2123 463 2164 ι
487 2099 592 2163 Nemo
613 2114 722 2187 potest
744 2095 849 2160 Caroli
866 2095 1046 2161 Alexandro
1071 2097 1236 2162 sententiae
1252 2095 1285 2161 iu

169 2204 233 2269 hoc
247 2205 458 2293 acquiescere.
480 2235 493 2259 »
514 2206 607 2290 Item,
624 2225 698 2292 pag.
724 2226 778 2278 21,
807 2217 877 2269 not.
907 2202 940 2288 3,
967 2204 1027 2266 sub
1048 2202 1176 2267 finem:
1205 2234 1219 2260 α
1245 2204 1286 2268 Et

170 2311 277 2375 Caroli
297 2310 385 2375 Alex.
407 2310 515 2401 opinio
538 2309 579 2375 de
607 2310 705 2374 totius
730 2307 794 2373 loci
811 2330 905 2373 sensu
928 2323 994 2373 tam
1015 2332 1129 2399 parum
1156 2308 1285 2376 delendi

169 2433 276 2507 potest
294 2434 330 2482 ut
345 2416 425 2483 mihi
438 2416 490 2481 vix
509 2417 652 2504 longiore
676 2415 841 2481 mentione
860 2415 954 2504 digna
976 2414 1131 2482 videatur.
1155 2448 1170 2475 ι
1189 2419 1283 2498 ltetn,

169 2548 242 2615 pag.
263 2526 316 2604 26,
334 2541 402 2590 not.
422 2549 434 2589 1
457 2548 465 2590 ε
489 2528 716 2612 «Argumenta
733 2545 805 2613 quae
829 2522 893 2588 huc
908 2523 1073 2590 afferenda
1094 2544 1286 2594 censuerunt

168 2634 205 2697 C.
225 2632 312 2697 Alex.
331 2648 363 2696 et
373 2631 534 2698 Friedlieb
546 2631 599 2695 vix
610 2647 786 2710 merentur,
805 2631 900 2696 modo
914 2654 1009 2697 verus
1023 2630 1177 2697 orationis
1191 2648 1285 2697 tenor

97 2763 100 2779 ¹
169 2738 323 2828 capiatur,
338 2738 435 2804 ullam
447 2737 706 2803 controversiam.
725 2769 738 2794 υ
757 2738 798 2801 Et
812 2761 885 2828 pag.
902 2736 956 2819 31,
972 2754 1041 2805 not.
1058 2762 1076 2801 2
1094 2761 1103 2805 ε
1124 2770 1135 2794 ι
1152 2737 1286 2804 Dubitat

170 2846 301 2938 quidem
317 2846 372 2935 [de
387 2847 536 2912 Prooemii
549 2845 689 2935 origine]
704 2849 741 2913 C.
757 2845 937 2911 Alexandro
952 2874 960 2911 z
977 2850 1045 2934 ejus
1057 2870 1134 2913 vero
1145 2847 1287 2914 rationes

170 2954 302 3021 minime
316 2953 445 3021 delendi
464 2971 497 3020 et
512 2953 605 3019 facile
619 2954 776 3019 confutari
794 2969 941 3043 possunt.
968 2984 982 3011 ι
1009 2955 1103 3033 Item,
1125 2978 1199 3046 pag.
1228 2960 1285 3040 40,

170 3079 238 3128 not.
258 3062 276 3126 3
295 3091 303 3126 ι
324 3092 338 3118 α
357 3060 515 3151 Equidem
528 3076 602 3151 post
618 3058 798 3150 superiores
815 3058 1042 3125 elucidationes
1056 3084 1287 3150 supervacuum

173 3168 256 3234 duco
268 3167 374 3233 Caroli
382 3167 472 3235 Alex.
485 3167 672 3255 opinionem
680 3167 818 3256 amplius¹
827 3166 995 3233 discutere.
1010 3200 1023 3224 υ
1035 3169 1128 3247 Item,
1143 3192 1216 3259 pag.
1229 3170 1284 3248 52,

171 3293 241 3343 not.
260 3300 278 3340 a
295 3303 303 3340 ι
326 3302 338 3333 a
352 3276 504 3341 Rationes
514 3275 631 3365 quibus
644 3274 756 3339 nititur
765 3277 840 3342 Car.
855 3275 949 3340 Alex.
959 3276 1041 3341 adeo
1052 3292 1125 3341 sunt
1140 3277 1285 3361 infirmae,

171 3397 208 3446 ut
220 3397 392 3471 postquam
409 3380 558 3470 meliores
574 3380 792 3459 innotuerunt,
821 3380 873 3445 vix
897 3381 960 3446 sint
982 3381 1164 3473 diligentius
1190 3385 1286 3449 refel-

171 3488 284 3555 lendae.
306 3521 319 3545 a
338 3489 424 3554 Num
440 3488 520 3564 haec.
538 3511 609 3566 oro,
627 3504 812 3576 argumenta
831 3489 928 3554 sunt?
943 3490 984 3554 Et
1003 3513 1043 3553 an
1058 3490 1121 3556 hoc
1140 3507 1190 3557 est
1203 3491 1286 3557 serio

171 3598 212 3663 ad
230 3595 394 3662 veritatem
409 3595 615 3686 quaerendam
626 3594 800 3661 accedere?
811 3597 895 3661 Nam
909 3597 968 3662 etsi
982 3598 1076 3664 docet
1085 3598 1133 3663 vir
1144 3623 1287 3667 summus

172 3703 269 3771 horas
284 3729 317 3770 se
332 3705 471 3794 integras
486 3702 649 3793 Sibyllinis
667 3702 752 3769 curis
767 3704 963 3795 impendisse
979 3706 1126 3795 (Dissert.
1148 3731 1222 3798 pag.
1238 3711 1285 3795 6),

173 3835 233 3902 ego
248 3809 366 3901 aliquid
381 3813 476 3877 etiam
490 3811 522 3875 in
536 3809 586 3875 his
600 3809 712 3875 studiis
730 3810 904 3899 profecisse
920 3810 999 3876 mihi
1013 3811 1137 3891 videor,
1154 3815 1208 3904 qui
1222 3839 1286 3882 non

172 3918 399 4006 attendenlang
427 3918 484 3985 sed
501 3917 713 4004 J'altrenlang,
741 3939 890 4005 magnam
911 3919 968 3984 aevi
989 3919 1051 3985 mei
1075 3937 1199 4011 partem
1221 3923 1288 3990 istis

173 4023 416 4089 difficultatibus
437 4021 640 4087 enucleandis
665 4020 828 4111 insumpsi.
851 4023 964 4112 Neque
985 4024 1053 4090 haec
1076 4018 1289 4095 contentionis

174 4155 267 4199 causa
282 4131 401 4209 refero,
418 4129 474 4196 sed
490 4126 651 4211 desiderii,
668 4129 742 4216 quia
757 4128 836 4194 nihil
853 4129 931 4194 mihi
945 4132 1083 4219 optatius
1098 4153 1180 4200 esset
1193 4160 1288 4224 quam

174 4238 311 4330 graviter
327 4239 367 4304 de
383 4238 480 4303 rebus
500 4236 648 4323 gravibus
670 4234 847 4324 disceptare
872 4260 945 4301 cum
972 4237 1041 4303 viro
1066 4242 1164 4329 gravi,
1189 4267 1290 4331 quaes·

174 4348 279 4415 tiones
291 4363 512 4412 controversas
526 4344 612 4407 bona
631 4340 694 4407 lide
712 4342 744 4406 in
764 4359 931 4433 utramque
948 4363 1072 4434 partem
1095 4347 1243 4430 librante,
1260 4370 1292 4417 et

175 4454 417 4522 adversantibus
431 4449 517 4518 aliud
531 4464 714 4541 opponente
731 4473 768 4514 ac
782 4475 845 4516 suae
861 4451 1024 4517 sententiae
1043 4454 1222 4522 arbitrium.

219 4562 282 4630 sed
305 4560 523 4629 animadverto
545 4556 671 4648 longius
695 4557 797 4623 multo
820 4582 915 4648 quam
939 4575 1112 4626 statueram
1133 4585 1293 4656 quamque
