3186 5310
442 402 726 469 stnttttrtonutt
747 405 818 467 ΗΒ.
840 405 917 467 XlV.
1180 409 1234 466 32!

257 537 337 603 Inde
350 537 547 627 quaterdeno
563 563 698 605 numero
711 538 895 630 spectabilis
909 536 990 602 alter

146 644 189 723 45
214 644 386 733 Regnabit‚
402 645 539 711 Parthos
552 646 607 735 qui
621 649 862 736 Germanosque
877 645 1040 719 domabit,

215 752 395 817 Horribiles
410 752 601 843 rabidasque
615 754 711 834 seras,
728 754 857 844 impune
871 770 1020 843 vagantes

216 858 335 923 Oceani
347 881 442 948 super
453 877 549 948 atque
566 861 737 950 Euphratis
752 860 890 926 fluminis
903 884 975 925 oras
988 887 995 924 :

216 966 257 1028 Et
271 981 346 1030 tunc
360 969 464 1030 Roma
478 965 606 1044 iterum,
624 967 726 1055 qualis
741 967 800 1033 fuit
811 984 897 1048 aute,
913 982 1068 1056 resurget.

260 1072 344 1136 Ecce
359 1089 480 1153 autem,
496 1073 588 1162 lupus
600 1096 674 1138 ecce
690 1074 764 1156 tuis,
780 1074 847 1138 leia
861 1073 979 1154 bellua,
996 1071 1095 1137 muris

150 1177 193 1241 50
216 1176 332 1242 lllissus
346 1178 388 1241 ab
403 1201 518 1244 occasu
531 1179 667 1255 ussilict;
687 1181 743 1269 qui
758 1179 874 1245 deinde
882 1178 1004 1265 jacebit

218 1270 351 1348 Occisus
363 1285 475 1349 Martis
489 1285 579 1350 rabie
595 1286 743 1376 ferroque
757 1302 902 1352 cruento.

263 1389 413 1456 Protinus
426 1391 555 1457 audacis
570 1393 650 1456 Latii
664 1391 883 1457 dominabitur
894 1392 981 1479 agris

219 1497 309 1562 Mars
322 1496 415 1579 alter,
432 1498 537 1586 signat
552 1522 688 1564 numero
703 1521 799 1587 quem
811 1498 902 1563 litera
913 1497 1076 1587 princeps,

221 1605 319 1667 Ortus
334 1605 376 1668 ab
388 1603 531 1694 Assyria,
549 1605 699 1694 belloque
711 1604 770 1669 sibi
786 1604 894 1670 omnia
911 1605 1040 1689 subdet,

153 1711 173 1773 5
178 1711 196 1776 5
220 1712 327 1798 Atque
339 1709 423 1800 ipsas
437 1727 531 1799 coget
545 1727 718 1776 tractantes
730 1734 818 1775 arma
830 1729 973 1776 catervas

222 1816 397 1904 Imperium
413 1817 563 1906 legesque
577 1818 656 1906 pati.
673 1818 735 1883 Sed
749 1817 872 1882 ferreus
886 1817 933 1883 illi

223 1924 310 1987 Mars
325 1922 424 1987 vitam
435 1924 561 2013 eripiet,
575 1922 696 2013 perjuri
715 1922 823 1987 militis
837 1940 918 1988 astu.

269 2030 348 2092 'l'res
365 2030 498 2117 posthac
512 2045 656 2116 surgent,
670 2028 767 2093 corda
779 2029 963 2117 imperiosa,
982 2028 1132 2119 tyrannia

226 2135 321 2199 Hunc
335 2134 458 2224 primus
474 2134 621 2222 designat
635 2158 729 2223 apex,
742 2135 920 2200 tricesimus
936 2135 1037 2216 illum,

158 2241 203 2305 60
226 2243 285 2304 Ast
299 2239 396 2306 alium
409 2264 544 2305 numero
561 2257 637 2305 nota
653 2257 701 2305 ter
714 2240 887 2305 centesima
899 2242 1002 2329 signat
1015 2269 1025 2308 a

225 2347 372 2411 lllaudati
385 2371 508 2429 omnes,
522 2370 636 2411 aurum
647 2363 891 2435 argentumque,
900 2347 989 2436 quod
1002 2370 1136 2437 usquam
1146 2365 1210 2430 est,

225 2453 369 2518 Fornace
384 2453 516 2542 ingenti,
534 2453 723 2542 templisque
737 2453 845 2518 avulsa
858 2453 1029 2542 liquebunt

225 2560 442 2642 Ornamenta3
461 2559 602 2648 deosque
619 2559 726 2634 simul,
742 2582 898 2648 gazasque
913 2559 1051 2626 deorum

226 2664 384 2730 Vincendi
398 2666 544 2731 stimulos
555 2689 615 2754 pro
631 2688 666 2729 se
680 2665 896 2754 pugnantibus
909 2665 1050 2748 addent,

161 2771 204 2836 65
230 2773 302 2836 Hoc
316 2769 420 2860 pretio
433 2770 480 2835 nil
494 2788 587 2858 turpe
602 2768 662 2835 rati
678 2798 686 2835 ε
704 2770 857 2836 tamenin
872 2794 928 2836 sua
942 2771 1069 2837 mittent

228 2877 342 2942 Vincla
354 2876 548 2965 sagittiferos
562 2878 700 2941 Parthos
712 2877 883 2967 Euphratis
897 2878 937 2945 ad
952 2901 1037 2960 orus,

230 2984 441 3070 lulensosque
462 2982 576 3047 animis
591 2983 718 3064 Medos,
735 2982 929 3072 longumque
942 3001 1106 3050 comantes

229 3091 439 3178 Massagetas,
454 3112 578 3154 necnon
592 3088 785 3178 pharetratae
797 3088 937 3155 Persidis
952 3114 1054 3155 arma.

276 3196 338 3260 Sed
355 3218 453 3284 quum
469 3219 525 3259 rex
539 3195 661 3284 proprii
676 3193 863 3283 perfunctus
880 3218 1012 3260 munere
1029 3194 1086 3260 sati

166 3328 209 3393 7⁰
233 3303 374 3389 Majores
390 3326 456 3366 aevo
469 3319 563 3366 natos
577 3301 610 3365 in
627 3318 752 3391 sceptra
765 3301 898 3384 vocarit,

231 3409 247 3472 J
251 3432 288 3473 us
304 3407 416 3496 sasque
428 3410 609 3490 obtestans;
624 3407 669 3472 illi
683 3408 834 3472 mandata
849 3410 989 3496 parentis

232 3514 288 3581 Nil
306 3514 410 3598 veriti,
425 3538 515 3579 mora
529 3515 628 3596 nulla,
643 3538 753 3602 graves
766 3513 799 3578 in
812 3514 920 3604 praelia
936 3515 1049 3582 Martis

237 3623 417 3686 Armubuut
431 3621 572 3706 dextras,
585 3638 720 3710 urgente
732 3621 884 3711 cupidine
897 3623 1001 3711 regui.

235 3730 276 3794 Et
287 3745 364 3793 tunc
379 3751 461 3793 unus
476 3730 537 3793 erit
549 3728 711 3818 princeps,
725 3751 823 3817 quem
836 3727 930 3793 tertia
943 3729 1048 3819 signat

169 3837 210 3925 75
235 3834 359 3911 Litera3
376 3858 451 3899 mox
465 3833 551 3899 idem
565 3833 672 3922 gladio
687 3833 857 3899 confossus
869 3833 988 3901 obibit.

181 4054 224 4102 tt.
244 4047 693 4116 luitiumversuselr.V‚19,etpuulo
761 4050 802 4097 ot.
821 4047 899 4098 Codd.
917 4047 1065 4113 χωνιύουσι.

148 4135 215 4186 ante,
224 4125 280 4185 llll,
291 4129 332 4176 23.
763 4126 805 4174 ot.
824 4123 899 4173 Codd.
912 4124 1071 4188 δασσόμενοι.
1080 4123 1182 4191 Reliqua
1192 4142 1274 4177 veturs

183 4204 226 4254 57.
244 4201 296 4252 cti.
310 4200 338 4259 V,
350 4205 390 4261 51,
401 4211 426 4250 et
436 4199 501 4262 Vlll,
512 4203 557 4257 653
571 4201 612 4250 sed
621 4199 656 4250 ibi
665 4200 696 4250 de
729 4198 857 4249 demerim
871 4208 940 4260 suut,
953 4197 1024 4249 Iliad.
1036 4217 1071 4257 ω,
1083 4202 1139 4251 att.

149 4276 291 4335 Antoninis,
306 4275 347 4326 hic
362 4275 465 4326 fortuito
475 4276 505 4325 de
514 4275 695 4342 obvioquoquc
761 4277 805 4327 68.
822 4273 900 4326 codd.
916 4275 1057 4338 μασαγὲτας
1071 4291 1120 4323 uuo
1133 4292 1158 4325 σ.

151 4350 305 4419 predictum.
764 4354 806 4400 69.
821 4365 875 4415 sqq.
895 4348 946 4400 ctr.
960 4349 1005 4407 Ill,
1020 4352 1077 4407 lto,
1087 4365 1142 4415 sqq.

186 4430 228 4478 tt.
248 4425 324 4476 Codd.
343 4427 455 4492 σχέτλιον
476 4425 569 4493 χρυσόν
589 4441 631 4476 ss:
643 4439 698 4475 cor·
766 4429 807 4478 ta.
826 4425 1027 4491 ctr.supra‚1o.

152 4511 250 4555 rexerat
260 4500 402 4554 llaiiucd.
417 4517 456 4568 pr.
770 4503 809 4553 tt.
827 4500 903 4552 Codd.
916 4499 943 4550 iu
957 4499 1019 4560 tus.
1033 4499 1178 4565 πολῦἇλὶφ,

1104 4614 1140 4674 at
