3186 5310
360 433 400 501 το
685 384 947 516 mmmmm
968 428 1096 493 ιοτοε
1116 428 1149 486 ο.

365 629 368 662 :
470 565 513 646 Πν
532 577 689 671 ρλογίναις
711 570 833 668 μάστιξι
851 578 904 644 καὶ
915 580 949 644 -ἰν
965 575 1103 671 πυρίνοις
1123 574 1278 657 ἀλύσεσσι,

363 712 427 777 290
469 689 596 778 Δεσμοῐς
612 685 791 777 ἀρρήκτοισι
812 679 1064 779 περισφίγξαντες
1079 683 1233 775 ὕπερθεν,

466 791 655 870 Δεινοτάτιυς
669 791 863 881 κολάσουσιν.
882 773 1000 860 Πτειτα
1023 782 1058 858 δί
1073 791 1181 869 νυκτὸς
1199 788 1328 883 ἀμολγῷ

468 887 511 967 Εν
532 902 622 993 Γεένιρ
646 898 749 993 θηρσὶν
767 901 826 968 ὐπθ
843 899 1034 994 ταρταρίοισι
1055 902 1234 984 βαλοῦνται,

468 1010 612 1090 Πολλοῖς,
628 999 842 1098 δειμαλέοισιν,
862 1009 938 1074 ὅπου
953 1007 1065 1084 σκότος
1084 1005 1163 1071 ἐστὶν
1181 999 1327 1095 ἄμετρον.

520 1103 598 1182 Ᾰλλ’
613 1114 731 1183 ὁπόταν
746 1112 864 1191 πολλὰς
881 1114 1019 1191 κολάσεις
1037 1116 1270 1185 ἐνιποινίσωνται
1329 1153 1341 1175 ;.

361 1221 425 1313 295
466 1224 577 1307 Πᾶσιν,
593 1225 670 1288 ὐσιυν
686 1222 778 1288 κακὸν
797 1220 873 1313 ἦτορ
891 1222 955 1304 ἔην,
976 1216 1057 1316 οἰτίιρ
1077 1223 1201 1312 ὐστερογ
1220 1213 1292 1286 αὐτι

467 1317 513 1396 Ex
528 1338 671 1418 ποταμοῦ
685 1327 820 1423 μεγάλου
838 1330 944 1420 πόριος
962 1329 1074 1421 τροχὸς
1088 1319 1323 1419 ἀμφικατίρΕειν

466 1438 598 1530 Αὐτοὺς,
618 1436 681 1502 ἅττ’
695 1432 756 1528 ἀρα
774 1445 869 1504 τοῖσιν
889 1434 1053 1504 ἀτάσθαλα
1074 1437 1148 1529 ἔργα
1168 1436 1306 1525 μεμηλει.

466 1543 530 1610 Καὶ
546 1545 615 1610 τότε
631 1542 827 1636 θρηνησουσιν
845 1545 892 1613 ἐπ’
906 1533 1034 1621 ἄλλυδις
1050 1540 1144 1618 ἀλλος
1159 1536 1279 1610 ἀπωθιν

466 1649 664 1743 Οἰκτροτάτη
682 1650 771 1744 μοίρῃ
792 1654 921 1742 πατέρες
936 1649 988 1718 καὶ
1001 1655 1096 1727 νήπια
1109 1651 1211 1732 τέκνα,

312 1830 316 1836 ,
361 1762 425 1828 300
466 1761 618 1848 Μητέρος,
638 1749 695 1832 ἠδέ
712 1782 747 1851 γε
764 1758 845 1824 τέκν’
865 1750 1018 1848 ὐπομάζια
1039 1748 1254 1850 δακρυόεντα.1

466 1857 552 1933 Οὐδέ
570 1890 638 1956 σριν
654 1855 895 1957 δακρύωνκόρος
911 1866 1043 1944 ἔσσεται,
1064 1856 1136 1931 οὐδὲ
1151 1863 1204 1958 μὲν
1220 1855 1299 1937 αὐδὴ
1355 1879 1357 1883 ’

466 1970 575 2065 Οἰκτρ’
590 1974 818 2064 ὀλοφυρομένων
835 1973 1031 2040 ἰσακούσεται
1051 1961 1179 2049 ἀλλυδις
1196 1969 1304 2051 ἀλλου,

464 2070 556 2147 Ᾱλλίι
570 2076 690 2172 μακρὰν
703 2071 833 2171 ζορόινθ
846 2080 906 2146 ὐπὸ
921 2076 1081 2172 Τάρταρον
1101 2079 1252 2168 εὐρώεντα
1364 2089 1367 2094 ’

465 2188 637 2281 Τειρόμενοι
658 2189 839 2271 βώσονται·
862 2188 909 2253 ἐπ’
929 2189 986 2279 οὐχ
1004 2184 1111 2253 ὐσίοισι
1127 2176 1161 2250 δὲ
1176 2190 1287 2278 χώροις

359 2294 423 2363 305
464 2293 590 2362 Τίσουσι
607 2294 670 2383 τρὶς
686 2294 797 2360 τόσσον
819 2295 889 2361 ὅσον
907 2296 1001 2361 κακὸν
1022 2293 1127 2367 ι’ίλιτον
1143 2293 1244 2386 ἔργον,

465 2399 625 2492 Δαιόμενοι
644 2400 716 2491 πυρὶ
734 2406 862 2485 πολλῷ·
879 2392 1072 2491 ἐπιόρύξουσι
1091 2390 1119 2466 δ’
1137 2390 1244 2468 ὀδοῦσι

468 2504 589 2585 Πάντες
604 2507 768 2597 τηκόμενοι
783 2511 899 2601 μαλερῇ
915 2497 991 2600 δίψῃ
1008 2532 1043 2574 τι
1059 2507 1109 2599 βίη
1126 2532 1173 2587 τι,

465 2613 530 2681 Καὶ
544 2618 706 2681 καλέσουσι
723 2613 816 2679 καλὸν
837 2614 873 2680 τὸ
890 2614 1000 2695 θανεῖν,
1015 2613 1067 2681 καὶ
1084 2607 1202 2704 ρεόξετ’
1220 2609 1275 2679 ἀπ’
1290 2612 1401 2676 αὐτῶν.

465 2712 580 2787 Οὐκέτι
594 2716 652 2813 γὰρ
672 2718 807 2796 θοίνατος
821 2721 958 2806 τούτους,
977 2725 1011 2787 οὐ
1030 2713 1084 2798 νὺξ
1099 2718 1279 2788 ἀναταόσει.

360 2829 424 2897 310
466 2824 576 2893 Πολλὰ
597 2819 626 2892 δ’
640 2829 826 2918 έριυτήσουσι
846 2825 948 2917 μοίτην
969 2828 1047 2895 Θεὸν
1067 2818 1270 2918 ὑψιμέδοντα,

466 2932 528 3001 Καὶ
541 2933 611 3000 τότ’
625 2929 811 3026 ἀποστρέψει
826 2944 959 3025 φανερῶς
972 2935 1008 3001 τὸ
1023 2936 1185 3027 πρόσωπον
1202 2933 1256 3001 εἰτ’
1275 2935 1389 3024 αὐτῶν.

467 3024 574 3130 [Εττά
587 3037 646 3134 γίιρ
661 3038 775 3106 αἰώνων
791 3042 950 3130 μετανοίας
966 3041 1063 3132 ἤματ’
1088 3034 1199 3108 ἔδωκεν
1307 3087 1310 3101 .

467 3136 603 3239 Ᾰνδράσι
616 3138 815 3236 τλαζομίνοις
835 3138 889 3214 διὰ
907 3150 1008 3240 χειρὸς
1028 3147 1185 3239 Παρθένου
1204 3130 1330 3240 ἀγνῆι·]

520 3254 601 3332 Τοὺς
622 3243 651 3318 δ’
673 3250 798 3339 ἄλλους,
818 3254 943 3330 ὁπόσοις
963 3279 997 3320 τε
1013 3245 1083 3329 δίκη
1100 3252 1181 3320 καλὰ
1196 3258 1220 3320 τ’
1235 3254 1310 3348 ἔργα
1328 3255 1477 3345 μεμνίλει,

361 3361 424 3429 315
469 3348 536 3429 Ηδί
554 3359 611 3451 καὶ,
623 3357 741 3434 εὐσεόίη
762 3386 796 3428 τε
813 3352 1006 3428 δικαιότατοί
1021 3386 1053 3426 τε
1070 3361 1224 3454 λογισμοὶ,

461 3451 595 3562 Ᾰγγελιι
613 3466 765 3558 αἰρόμεναι
780 3458 834 3533 διθι
852 3468 1010 3558 αἰθομένου
1028 3477 1180 3561 ποταμοῖο

466 3575 518 3653 Εἰς
538 3584 600 3664 ρῶς
620 3565 727 3649 ἀΕουσί
745 3600 777 3640 τε
794 3574 844 3639 καὶ
861 3574 900 3653 εἰς
920 3567 997 3654 ζωὴν
1017 3575 1194 3667 ἀμέριμνον,

465 3664 549 3748 Πνθα
566 3680 651 3747 πέλει
666 3676 769 3770 τρίόος
789 3676 940 3759 ἀθάνατος
955 3678 1100 3773 μεγαλοιο
1116 3686 1206 3750 Θεοῑο

465 3787 528 3854 Καὶ
542 3785 662 3879 τρισσαὶ
677 3786 783 3879 πηγαὶ,
798 3783 891 3870 οἴνου,
910 3786 1034 3878 μέλιτός
1053 3814 1087 3855 τε
1106 3789 1273 3881 γοίλοικτος.
1384 3816 1385 3821 ’

359 3898 424 3965 320
465 3901 543 3964 Γαῖα
561 3885 591 3959 δ’
608 3891 656 3964 ἴση
678 3895 814 3981 πάντων,
837 3895 870 3960 οὐ
888 3893 1029 3986 τείχεσιν,
1048 3898 1082 3962 οὐ
1103 3902 1323 3988 τεριρραγμοῖς
1383 3904 1385 3908 ”

467 3993 549 4068 Οὐδὲ
570 3992 758 4091 μεριζομένη,
776 4001 910 4092 καρποὺς
926 4001 999 4069 τότε
1019 4001 1160 4081 πλείονας
1178 4000 1253 4069 οἴσει

351 4245 387 4260 -
400 4221 459 4280 ³14,
474 4233 528 4284 sqq.
546 4215 672 4268 Iustorum
682 4182 799 4284 felicitas.
814 4243 840 4255 ···

387 4391 446 4440 2⁰4.
465 4388 542 4439 Godd.
552 4388 588 4438 θνί
596 4391 751 4450 ποιήσονται,
766 4388 801 4439 sic
813 4386 897 4438 divise.
963 4390 1020 4438 296.
1040 4385 1117 4438 codd.
1133 4386 1195 4452 ἀμφὶ
1208 4386 1323 4454 κατάρξει
1338 4401 1344 4436 :
1358 4384 1400 4436 alii
1409 4385 1473 4452 ἀμφὶ

387 4467 444 4515 295.
458 4463 535 4515 codd.
551 4464 664 4529 quidam,
680 4466 741 4516 πᾶσί
755 4457 850 4522 τιοίς,
864 4479 897 4513 an
929 4464 1023 4519 καθέξει
1035 4479 1042 4513 :
1055 4477 1100 4512 nos
1109 4477 1172 4512 corr.
1190 4462 1222 4514 Et
1240 4459 1275 4512 sic
1296 4461 1356 4513 olim
1379 4461 1470 4521 ionice.

353 4555 399 4613 pro
409 4539 483 4593 πᾶσιν
496 4541 582 4602 ὐσοιςί
679 4556 682 4561 ·
762 4557 765 4561 ’
928 4536 1205 4607 Ῑ,’213,ῆθιλ’ἰίρξαι.
