<?xml version="1.0" encoding="UTF-8"?>
<!DOCTYPE html PUBLIC "-//W3C//DTD XHTML 1.0 Transitional//EN"
    "http://www.w3.org/TR/xhtml1/DTD/xhtml1-transitional.dtd">
<html xmlns="http://www.w3.org/1999/xhtml" xml:lang="en" lang="en">
 <head>
  <title>
</title>
<meta http-equiv="Content-Type" content="text/html;charset=utf-8" />
  <meta name='ocr-system' content='tesseract 3.04.00' />
  <meta name='ocr-capabilities' content='ocr_page ocr_carea ocr_par ocr_line ocrx_word'/>
</head>
<body>
  <div class='ocr_page' id='page_1' title='image "./oraculasibyllin00alexgoog_0196.png"; bbox 0 0 3186 5310; ppageno 0'>
   <div class='ocr_carea' id='block_1_1' title="bbox 301 331 960 448">
    <p class='ocr_par' dir='ltr' id='par_1_1' title="bbox 301 331 960 448">
     <span class='ocr_line' id='line_1_1' title="bbox 301 331 960 448; baseline -0.002 -19"><span class='ocrx_word' id='word_1_1' title='bbox 301 331 309 346; x_wconf 48' lang='lat'>⁵</span> <span class='ocrx_word' id='word_1_2' title='bbox 412 366 693 430; x_wconf 82' lang='lat' dir='ltr'>srurnuuouun</span> <span class='ocrx_word' id='word_1_3' title='bbox 723 369 794 429; x_wconf 84' lang='grc' dir='ltr'>ιιιι.</span> <span class='ocrx_word' id='word_1_4' title='bbox 821 369 871 444; x_wconf 88' lang='grc' dir='ltr'>ιι,</span> <span class='ocrx_word' id='word_1_5' title='bbox 892 368 911 448; x_wconf 68' lang='lat'>5</span> <span class='ocrx_word' id='word_1_6' title='bbox 932 372 960 428; x_wconf 82' lang='grc' dir='ltr'>ι.</span> 
     </span>
    </p>
   </div>
   <div class='ocr_carea' id='block_1_2' title="bbox 132 498 1174 3471">
    <p class='ocr_par' dir='ltr' id='par_1_2' title="bbox 132 498 1174 3471">
     <span class='ocr_line' id='line_1_2' title="bbox 217 498 1075 588; baseline -0.003 -22"><span class='ocrx_word' id='word_1_7' title='bbox 217 504 281 566; x_wconf 83' lang='lat' dir='ltr'>Ant</span> <span class='ocrx_word' id='word_1_8' title='bbox 300 498 393 565; x_wconf 87' lang='lat' dir='ltr'>famis</span> <span class='ocrx_word' id='word_1_9' title='bbox 411 515 466 565; x_wconf 84' lang='lat' dir='ltr'>ant</span> <span class='ocrx_word' id='word_1_10' title='bbox 481 498 587 588; x_wconf 85' lang='lat' dir='ltr'>fruges</span> <span class='ocrx_word' id='word_1_11' title='bbox 600 500 751 565; x_wconf 85' lang='lat' dir='ltr'>vastantis</span> <span class='ocrx_word' id='word_1_12' title='bbox 763 499 926 588; x_wconf 84' lang='lat' dir='ltr'>grandinis</span> <span class='ocrx_word' id='word_1_13' title='bbox 936 500 1075 565; x_wconf 84' lang='lat' dir='ltr'>horror:</span> 
     </span>
     <span class='ocr_line' id='line_1_3' title="bbox 219 605 969 696; baseline -0.001 -26"><span class='ocrx_word' id='word_1_14' title='bbox 219 608 281 672; x_wconf 87' lang='lat' dir='ltr'>Sed</span> <span class='ocrx_word' id='word_1_15' title='bbox 300 630 360 696; x_wconf 84' lang='lat' dir='ltr'>pax</span> <span class='ocrx_word' id='word_1_16' title='bbox 380 606 538 671; x_wconf 89' lang='lat' dir='ltr'>immenso</span> <span class='ocrx_word' id='word_1_17' title='bbox 558 605 619 671; x_wconf 88' lang='lat' dir='ltr'>late</span> <span class='ocrx_word' id='word_1_18' title='bbox 635 606 853 671; x_wconf 80' lang='lat' dir='ltr'>dominabitur</span> <span class='ocrx_word' id='word_1_19' title='bbox 872 608 969 684; x_wconf 83' lang='lat' dir='ltr'>orbe,</span> 
     </span>
     <span class='ocr_line' id='line_1_4' title="bbox 132 712 1007 803; baseline -0.003 -23"><span class='ocrx_word' id='word_1_20' title='bbox 132 714 195 802; x_wconf 82' lang='lat'>755</span> <span class='ocrx_word' id='word_1_21' title='bbox 219 716 260 780; x_wconf 90' lang='lat' dir='ltr'>Et</span> <span class='ocrx_word' id='word_1_22' title='bbox 274 713 341 802; x_wconf 90' lang='lat' dir='ltr'>regi</span> <span class='ocrx_word' id='word_1_23' title='bbox 359 738 416 778; x_wconf 85' lang='lat' dir='ltr'>rex</span> <span class='ocrx_word' id='word_1_24' title='bbox 432 712 514 778; x_wconf 87' lang='lat' dir='ltr'>fidus</span> <span class='ocrx_word' id='word_1_25' title='bbox 529 713 601 794; x_wconf 90' lang='lat' dir='ltr'>erit,</span> <span class='ocrx_word' id='word_1_26' title='bbox 624 736 814 803; x_wconf 72' lang='lat' dir='ltr'>semperque</span> <span class='ocrx_word' id='word_1_27' title='bbox 830 715 1007 792; x_wconf 76' lang='lat' dir='ltr'>manebunt</span> 
     </span>
     <span class='ocr_line' id='line_1_5' title="bbox 222 819 1086 909; baseline -0.003 -23"><span class='ocrx_word' id='word_1_28' title='bbox 222 821 373 897; x_wconf 82' lang='lat' dir='ltr'>Foedera;</span> <span class='ocrx_word' id='word_1_29' title='bbox 392 821 511 909; x_wconf 89' lang='lat' dir='ltr'>quique</span> <span class='ocrx_word' id='word_1_30' title='bbox 524 837 640 908; x_wconf 89' lang='lat' dir='ltr'>potens</span> <span class='ocrx_word' id='word_1_31' title='bbox 659 821 736 885; x_wconf 82' lang='lat' dir='ltr'>caelo</span> <span class='ocrx_word' id='word_1_32' title='bbox 755 819 939 884; x_wconf 78' lang='lat' dir='ltr'>dominatur</span> <span class='ocrx_word' id='word_1_33' title='bbox 951 822 993 884; x_wconf 88' lang='lat' dir='ltr'>ab</span> <span class='ocrx_word' id='word_1_34' title='bbox 1007 820 1086 898; x_wconf 88' lang='lat' dir='ltr'>alto,</span> 
     </span>
     <span class='ocr_line' id='line_1_6' title="bbox 221 925 1034 1015; baseline -0.001 -24"><span class='ocrx_word' id='word_1_35' title='bbox 221 930 290 991; x_wconf 82' lang='lat' dir='ltr'>Rex</span> <span class='ocrx_word' id='word_1_36' title='bbox 308 930 408 1008; x_wconf 91' lang='lat' dir='ltr'>Deus,</span> <span class='ocrx_word' id='word_1_37' title='bbox 426 925 567 990; x_wconf 91' lang='lat' dir='ltr'>unanimi</span> <span class='ocrx_word' id='word_1_38' title='bbox 580 951 637 1015; x_wconf 94' lang='lat' dir='ltr'>per</span> <span class='ocrx_word' id='word_1_39' title='bbox 655 943 785 991; x_wconf 86' lang='lat' dir='ltr'>cunctus</span> <span class='ocrx_word' id='word_1_40' title='bbox 804 925 911 989; x_wconf 79' lang='lat' dir='ltr'>onsuia</span> <span class='ocrx_word' id='word_1_41' title='bbox 929 943 1034 990; x_wconf 89' lang='lat' dir='ltr'>terras-</span> 
     </span>
     <span class='ocr_line' id='line_1_7' title="bbox 223 1032 1116 1122; baseline -0.002 -23"><span class='ocrx_word' id='word_1_42' title='bbox 223 1036 307 1122; x_wconf 89' lang='lat' dir='ltr'>Lege</span> <span class='ocrx_word' id='word_1_43' title='bbox 323 1049 424 1121; x_wconf 89' lang='lat' dir='ltr'>reget,</span> <span class='ocrx_word' id='word_1_44' title='bbox 441 1032 549 1119; x_wconf 84' lang='lat' dir='ltr'>generi</span> <span class='ocrx_word' id='word_1_45' title='bbox 569 1033 709 1097; x_wconf 91' lang='lat' dir='ltr'>hnmano</span> <span class='ocrx_word' id='word_1_46' title='bbox 723 1056 933 1120; x_wconf 79' lang='lat' dir='ltr'>quaecumque</span> <span class='ocrx_word' id='word_1_47' title='bbox 951 1049 1116 1120; x_wconf 87' lang='lat' dir='ltr'>geruntur.</span> 
     </span>
     <span class='ocr_line' id='line_1_8' title="bbox 226 1138 1121 1219; baseline 0 -15"><span class='ocrx_word' id='word_1_48' title='bbox 226 1142 312 1204; x_wconf 89' lang='lat' dir='ltr'>Nam</span> <span class='ocrx_word' id='word_1_49' title='bbox 325 1140 411 1205; x_wconf 92' lang='lat' dir='ltr'>solus</span> <span class='ocrx_word' id='word_1_50' title='bbox 427 1141 514 1204; x_wconf 90' lang='lat' dir='ltr'>Deus</span> <span class='ocrx_word' id='word_1_51' title='bbox 533 1138 600 1219; x_wconf 89' lang='lat' dir='ltr'>ille,</span> <span class='ocrx_word' id='word_1_52' title='bbox 621 1162 680 1203; x_wconf 90' lang='lat' dir='ltr'>nec</span> <span class='ocrx_word' id='word_1_53' title='bbox 695 1156 743 1204; x_wconf 91' lang='lat' dir='ltr'>est</span> <span class='ocrx_word' id='word_1_54' title='bbox 757 1141 844 1203; x_wconf 91' lang='lat' dir='ltr'>Deus</span> <span class='ocrx_word' id='word_1_55' title='bbox 864 1138 944 1204; x_wconf 87' lang='lat' dir='ltr'>alter</span> <span class='ocrx_word' id='word_1_56' title='bbox 960 1141 1001 1203; x_wconf 88' lang='lat' dir='ltr'>ab</span> <span class='ocrx_word' id='word_1_57' title='bbox 1020 1140 1095 1204; x_wconf 87' lang='lat' dir='ltr'>illo:</span> <span class='ocrx_word' id='word_1_58' title='bbox 1116 1179 1121 1191; x_wconf 54' lang='grc' dir='ltr'>ι</span> 
     </span>
     <span class='ocr_line' id='line_1_9' title="bbox 138 1231 1142 1335; baseline 0.001 -24"><span class='ocrx_word' id='word_1_59' title='bbox 138 1248 203 1335; x_wconf 84' lang='lat'>760</span> <span class='ocrx_word' id='word_1_60' title='bbox 226 1248 299 1335; x_wconf 90' lang='lat' dir='ltr'>lpse</span> <span class='ocrx_word' id='word_1_61' title='bbox 318 1267 430 1334; x_wconf 85' lang='lat' dir='ltr'>graves</span> <span class='ocrx_word' id='word_1_62' title='bbox 447 1243 615 1309; x_wconf 92' lang='lat' dir='ltr'>hominum</span> <span class='ocrx_word' id='word_1_63' title='bbox 630 1244 729 1310; x_wconf 88' lang='lat' dir='ltr'>fastus</span> <span class='ocrx_word' id='word_1_64' title='bbox 745 1246 958 1310; x_wconf 82' lang='lat' dir='ltr'>combusserit</span> <span class='ocrx_word' id='word_1_65' title='bbox 975 1245 1053 1335; x_wconf 83' lang='lat' dir='ltr'>igni.</span> <span class='ocrx_word' id='word_1_66' title='bbox 1134 1231 1142 1240; x_wconf 89' lang='lat'>.</span> 
     </span>
     <span class='ocr_line' id='line_1_10' title="bbox 271 1349 1079 1442; baseline 0.002 -26"><span class='ocrx_word' id='word_1_67' title='bbox 271 1351 334 1416; x_wconf 88' lang='lat' dir='ltr'>Sed</span> <span class='ocrx_word' id='word_1_68' title='bbox 348 1374 419 1415; x_wconf 89' lang='lat' dir='ltr'>mea</span> <span class='ocrx_word' id='word_1_69' title='bbox 432 1375 489 1415; x_wconf 87' lang='lat' dir='ltr'>vos</span> <span class='ocrx_word' id='word_1_70' title='bbox 505 1349 617 1416; x_wconf 85' lang='lat' dir='ltr'>animis</span> <span class='ocrx_word' id='word_1_71' title='bbox 634 1351 785 1416; x_wconf 86' lang='lat' dir='ltr'>assumite</span> <span class='ocrx_word' id='word_1_72' title='bbox 800 1351 898 1433; x_wconf 86' lang='lat' dir='ltr'>dicta,</span> <span class='ocrx_word' id='word_1_73' title='bbox 912 1355 1079 1442; x_wconf 88' lang='lat' dir='ltr'>Deumque</span> 
     </span>
     <span class='ocr_line' id='line_1_11' title="bbox 229 1457 989 1540; baseline 0.007 -20"><span class='ocrx_word' id='word_1_74' title='bbox 229 1458 398 1522; x_wconf 83' lang='lat' dir='ltr'>Viventem</span> <span class='ocrx_word' id='word_1_75' title='bbox 411 1457 519 1540; x_wconf 89' lang='lat' dir='ltr'>colite,</span> <span class='ocrx_word' id='word_1_76' title='bbox 540 1473 572 1521; x_wconf 89' lang='lat' dir='ltr'>et</span> <span class='ocrx_word' id='word_1_77' title='bbox 589 1458 692 1522; x_wconf 89' lang='lat' dir='ltr'>cultus</span> <span class='ocrx_word' id='word_1_78' title='bbox 709 1457 804 1523; x_wconf 90' lang='lat' dir='ltr'>vitate</span> <span class='ocrx_word' id='word_1_79' title='bbox 822 1459 989 1525; x_wconf 88' lang='lat' dir='ltr'>nefandos.</span> 
     </span>
     <span class='ocr_line' id='line_1_12' title="bbox 230 1566 1019 1656; baseline 0.004 -25"><span class='ocrx_word' id='word_1_80' title='bbox 230 1567 324 1631; x_wconf 80' lang='lat' dir='ltr'>Absit</span> <span class='ocrx_word' id='word_1_81' title='bbox 338 1566 541 1647; x_wconf 84' lang='lat' dir='ltr'>adulterium,</span> <span class='ocrx_word' id='word_1_82' title='bbox 559 1566 656 1656; x_wconf 87' lang='lat' dir='ltr'>inque</span> <span class='ocrx_word' id='word_1_83' title='bbox 670 1568 891 1634; x_wconf 77' lang='lat' dir='ltr'>mareseffusa</span> <span class='ocrx_word' id='word_1_84' title='bbox 908 1568 1019 1635; x_wconf 92' lang='lat' dir='ltr'>libido.</span> 
     </span>
     <span class='ocr_line' id='line_1_13' title="bbox 231 1672 1071 1765; baseline 0.001 -26"><span class='ocrx_word' id='word_1_85' title='bbox 231 1673 322 1739; x_wconf 88' lang='lat' dir='ltr'>Educ</span> <span class='ocrx_word' id='word_1_86' title='bbox 338 1672 474 1763; x_wconf 89' lang='lat' dir='ltr'>quisque</span> <span class='ocrx_word' id='word_1_87' title='bbox 486 1689 587 1754; x_wconf 84' lang='lat' dir='ltr'>tuam,</span> <span class='ocrx_word' id='word_1_88' title='bbox 605 1696 646 1738; x_wconf 92' lang='lat' dir='ltr'>ne</span> <span class='ocrx_word' id='word_1_89' title='bbox 664 1696 742 1739; x_wconf 89' lang='lat' dir='ltr'>vero</span> <span class='ocrx_word' id='word_1_90' title='bbox 760 1673 915 1755; x_wconf 77' lang='lat' dir='ltr'>interfice,</span> <span class='ocrx_word' id='word_1_91' title='bbox 935 1676 1071 1765; x_wconf 91' lang='lat' dir='ltr'>prolem.</span> 
     </span>
     <span class='ocr_line' id='line_1_14' title="bbox 144 1779 1052 1869; baseline 0.001 -23"><span class='ocrx_word' id='word_1_92' title='bbox 144 1779 208 1868; x_wconf 84' lang='lat'>765</span> <span class='ocrx_word' id='word_1_93' title='bbox 232 1782 382 1869; x_wconf 82' lang='lat' dir='ltr'>Namque</span> <span class='ocrx_word' id='word_1_94' title='bbox 399 1779 467 1845; x_wconf 90' lang='lat' dir='ltr'>istis</span> <span class='ocrx_word' id='word_1_95' title='bbox 481 1779 587 1869; x_wconf 86' lang='lat' dir='ltr'>magni</span> <span class='ocrx_word' id='word_1_96' title='bbox 604 1779 806 1846; x_wconf 87' lang='lat' dir='ltr'>succenditur</span> <span class='ocrx_word' id='word_1_97' title='bbox 821 1781 868 1845; x_wconf 88' lang='lat' dir='ltr'>ira</span> <span class='ocrx_word' id='word_1_98' title='bbox 886 1782 1052 1847; x_wconf 83' lang='lat' dir='ltr'>Tonantis.</span> 
     </span>
     <span class='ocr_line' id='line_1_15' title="bbox 280 1885 1174 1977; baseline 0.001 -27"><span class='ocrx_word' id='word_1_99' title='bbox 280 1888 370 1950; x_wconf 90' lang='lat' dir='ltr'>Tunc</span> <span class='ocrx_word' id='word_1_100' title='bbox 385 1910 481 1975; x_wconf 91' lang='lat' dir='ltr'>super</span> <span class='ocrx_word' id='word_1_101' title='bbox 494 1885 650 1951; x_wconf 89' lang='lat' dir='ltr'>humanas</span> <span class='ocrx_word' id='word_1_102' title='bbox 667 1904 777 1974; x_wconf 89' lang='lat' dir='ltr'>gentes</span> <span class='ocrx_word' id='word_1_103' title='bbox 795 1911 931 1977; x_wconf 91' lang='lat' dir='ltr'>regnum</span> <span class='ocrx_word' id='word_1_104' title='bbox 948 1888 1015 1977; x_wconf 90' lang='lat' dir='ltr'>ipse</span> <span class='ocrx_word' id='word_1_105' title='bbox 1032 1903 1174 1977; x_wconf 76' lang='lat' dir='ltr'>capesset</span> 
     </span>
     <span class='ocr_line' id='line_1_16' title="bbox 235 1991 1045 2082; baseline 0 -24"><span class='ocrx_word' id='word_1_106' title='bbox 235 1991 351 2058; x_wconf 87' lang='lat' dir='ltr'>Omnia</span> <span class='ocrx_word' id='word_1_107' title='bbox 365 2016 552 2058; x_wconf 86' lang='lat' dir='ltr'>mansurum</span> <span class='ocrx_word' id='word_1_108' title='bbox 568 2015 627 2080; x_wconf 93' lang='lat' dir='ltr'>per</span> <span class='ocrx_word' id='word_1_109' title='bbox 641 1992 767 2074; x_wconf 86' lang='lat' dir='ltr'>saccula,</span> <span class='ocrx_word' id='word_1_110' title='bbox 784 1993 839 2082; x_wconf 92' lang='lat' dir='ltr'>qui</span> <span class='ocrx_word' id='word_1_111' title='bbox 860 1993 912 2082; x_wconf 85' lang='lat' dir='ltr'>pia</span> <span class='ocrx_word' id='word_1_112' title='bbox 928 1993 1045 2059; x_wconf 88' lang='lat' dir='ltr'>sanctis</span> 
     </span>
     <span class='ocr_line' id='line_1_17' title="bbox 235 2098 1085 2188; baseline 0.002 -26"><span class='ocrx_word' id='word_1_113' title='bbox 235 2100 310 2163; x_wconf 86' lang='lat' dir='ltr'>lura</span> <span class='ocrx_word' id='word_1_114' title='bbox 326 2098 426 2182; x_wconf 86' lang='lat' dir='ltr'>dedit,</span> <span class='ocrx_word' id='word_1_115' title='bbox 449 2098 567 2188; x_wconf 90' lang='lat' dir='ltr'>quibus</span> <span class='ocrx_word' id='word_1_116' title='bbox 584 2115 616 2162; x_wconf 90' lang='lat' dir='ltr'>et</span> <span class='ocrx_word' id='word_1_117' title='bbox 633 2115 751 2164; x_wconf 90' lang='lat' dir='ltr'>terram</span> <span class='ocrx_word' id='word_1_118' title='bbox 766 2098 913 2188; x_wconf 87' lang='lat' dir='ltr'>promisit</span> <span class='ocrx_word' id='word_1_119' title='bbox 929 2117 1085 2188; x_wconf 90' lang='lat' dir='ltr'>apertam,</span> 
     </span>
     <span class='ocr_line' id='line_1_18' title="bbox 237 2203 955 2294; baseline 0.001 -27"><span class='ocrx_word' id='word_1_120' title='bbox 237 2205 278 2268; x_wconf 86' lang='lat' dir='ltr'>Et</span> <span class='ocrx_word' id='word_1_121' title='bbox 298 2205 466 2269; x_wconf 85' lang='lat' dir='ltr'>fortunatae</span> <span class='ocrx_word' id='word_1_122' title='bbox 480 2221 589 2294; x_wconf 87' lang='lat' dir='ltr'>portas</span> <span class='ocrx_word' id='word_1_123' title='bbox 604 2203 757 2291; x_wconf 84' lang='lat' dir='ltr'>regionis,</span> <span class='ocrx_word' id='word_1_124' title='bbox 776 2221 807 2268; x_wconf 93' lang='lat' dir='ltr'>et</span> <span class='ocrx_word' id='word_1_125' title='bbox 825 2227 955 2268; x_wconf 91' lang='lat' dir='ltr'>omnem</span> 
     </span>
     <span class='ocr_line' id='line_1_19' title="bbox 150 2309 964 2401; baseline -0.001 -25"><span class='ocrx_word' id='word_1_126' title='bbox 150 2335 215 2401; x_wconf 86' lang='lat'>77⁰</span> <span class='ocrx_word' id='word_1_127' title='bbox 239 2310 405 2391; x_wconf 69' lang='lat' dir='ltr'>letitiam,</span> <span class='ocrx_word' id='word_1_128' title='bbox 424 2328 557 2375; x_wconf 81' lang='lat' dir='ltr'>aeternas</span> <span class='ocrx_word' id='word_1_129' title='bbox 576 2327 699 2374; x_wconf 88' lang='lat' dir='ltr'>mentes</span> <span class='ocrx_word' id='word_1_130' title='bbox 717 2334 754 2375; x_wconf 91' lang='lat' dir='ltr'>ac</span> <span class='ocrx_word' id='word_1_131' title='bbox 770 2309 875 2375; x_wconf 86' lang='lat' dir='ltr'>nescia</span> <span class='ocrx_word' id='word_1_132' title='bbox 892 2309 964 2375; x_wconf 84' lang='lat' dir='ltr'>finis</span> 
     </span>
     <span class='ocr_line' id='line_1_20' title="bbox 238 2416 1111 2506; baseline -0.002 -23"><span class='ocrx_word' id='word_1_133' title='bbox 238 2416 374 2484; x_wconf 88' lang='lat' dir='ltr'>Gaudia.</span> <span class='ocrx_word' id='word_1_134' title='bbox 395 2419 486 2484; x_wconf 91' lang='lat' dir='ltr'>Tunc</span> <span class='ocrx_word' id='word_1_135' title='bbox 503 2435 534 2482; x_wconf 93' lang='lat' dir='ltr'>et</span> <span class='ocrx_word' id='word_1_136' title='bbox 549 2416 643 2481; x_wconf 88' lang='lat' dir='ltr'>thura</span> <span class='ocrx_word' id='word_1_137' title='bbox 658 2417 762 2481; x_wconf 87' lang='lat' dir='ltr'>ferent</span> <span class='ocrx_word' id='word_1_138' title='bbox 777 2434 809 2481; x_wconf 88' lang='lat' dir='ltr'>et</span> <span class='ocrx_word' id='word_1_139' title='bbox 825 2440 958 2482; x_wconf 84' lang='lat' dir='ltr'>munera</span> <span class='ocrx_word' id='word_1_140' title='bbox 970 2418 1111 2506; x_wconf 88' lang='lat' dir='ltr'>prompti</span> 
     </span>
     <span class='ocr_line' id='line_1_21' title="bbox 239 2522 1013 2611; baseline 0.004 -23"><span class='ocrx_word' id='word_1_141' title='bbox 239 2522 427 2588; x_wconf 91' lang='lat' dir='ltr'>Omnibuse</span> <span class='ocrx_word' id='word_1_142' title='bbox 444 2522 537 2587; x_wconf 89' lang='lat' dir='ltr'>terris</span> <span class='ocrx_word' id='word_1_143' title='bbox 550 2523 590 2587; x_wconf 88' lang='lat' dir='ltr'>ud</span> <span class='ocrx_word' id='word_1_144' title='bbox 610 2522 717 2611; x_wconf 89' lang='lat' dir='ltr'>magni</span> <span class='ocrx_word' id='word_1_145' title='bbox 735 2522 883 2590; x_wconf 79' lang='lat' dir='ltr'>Numinis</span> <span class='ocrx_word' id='word_1_146' title='bbox 900 2524 1013 2591; x_wconf 77' lang='lat' dir='ltr'>aedem.</span> 
     </span>
     <span class='ocr_line' id='line_1_22' title="bbox 238 2627 1145 2719; baseline -0.001 -25"><span class='ocrx_word' id='word_1_147' title='bbox 238 2631 307 2695; x_wconf 89' lang='lat' dir='ltr'>Nec</span> <span class='ocrx_word' id='word_1_148' title='bbox 324 2629 473 2719; x_wconf 81' lang='lat' dir='ltr'>deinceps</span> <span class='ocrx_word' id='word_1_149' title='bbox 487 2628 657 2693; x_wconf 88' lang='lat' dir='ltr'>hominum</span> <span class='ocrx_word' id='word_1_150' title='bbox 672 2627 781 2717; x_wconf 89' lang='lat' dir='ltr'>generi</span> <span class='ocrx_word' id='word_1_151' title='bbox 802 2627 917 2694; x_wconf 91' lang='lat' dir='ltr'>domus</span> <span class='ocrx_word' id='word_1_152' title='bbox 932 2628 994 2693; x_wconf 90' lang='lat' dir='ltr'>ulla</span> <span class='ocrx_word' id='word_1_153' title='bbox 1009 2629 1145 2707; x_wconf 91' lang='lat' dir='ltr'>coletur,</span> 
     </span>
     <span class='ocr_line' id='line_1_23' title="bbox 240 2734 981 2826; baseline 0.003 -26"><span class='ocrx_word' id='word_1_154' title='bbox 240 2737 332 2800; x_wconf 91' lang='lat' dir='ltr'>Hanc</span> <span class='ocrx_word' id='word_1_155' title='bbox 344 2753 470 2826; x_wconf 75' lang='lat' dir='ltr'>praeter,</span> <span class='ocrx_word' id='word_1_156' title='bbox 489 2760 560 2826; x_wconf 84' lang='lat' dir='ltr'>quae</span> <span class='ocrx_word' id='word_1_157' title='bbox 577 2734 646 2800; x_wconf 90' lang='lat' dir='ltr'>sola</span> <span class='ocrx_word' id='word_1_158' title='bbox 663 2734 724 2823; x_wconf 91' lang='lat' dir='ltr'>piis</span> <span class='ocrx_word' id='word_1_159' title='bbox 737 2734 894 2814; x_wconf 84' lang='lat' dir='ltr'>invisitur,</span> <span class='ocrx_word' id='word_1_160' title='bbox 912 2736 981 2825; x_wconf 91' lang='lat' dir='ltr'>ipso</span> 
     </span>
     <span class='ocr_line' id='line_1_24' title="bbox 152 2838 1070 2932; baseline 0.001 -25"><span class='ocrx_word' id='word_1_161' title='bbox 152 2838 224 2929; x_wconf 60' lang='lat'>775</span> <span class='ocrx_word' id='word_1_162' title='bbox 241 2842 435 2932; x_wconf 81' lang='lat' dir='ltr'>Designante</span> <span class='ocrx_word' id='word_1_163' title='bbox 454 2845 524 2907; x_wconf 92' lang='lat' dir='ltr'>Deo</span> <span class='ocrx_word' id='word_1_164' title='bbox 545 2865 553 2908; x_wconf 78' lang='lat' dir='ltr'><strong><em>z</em></strong></span> <span class='ocrx_word' id='word_1_165' title='bbox 573 2866 650 2906; x_wconf 84' lang='lat' dir='ltr'>nam</span> <span class='ocrx_word' id='word_1_166' title='bbox 674 2842 830 2931; x_wconf 85' lang='lat' dir='ltr'>ternplum</span> <span class='ocrx_word' id='word_1_167' title='bbox 849 2842 996 2908; x_wconf 90' lang='lat' dir='ltr'>Numinis</span> <span class='ocrx_word' id='word_1_168' title='bbox 1014 2843 1070 2908; x_wconf 85' lang='lat' dir='ltr'>alti</span> 
     </span>
     <span class='ocr_line' id='line_1_25' title="bbox 242 2947 1159 3037; baseline 0.001 -25"><span class='ocrx_word' id='word_1_169' title='bbox 242 2948 315 3013; x_wconf 86' lang='lat' dir='ltr'>Rite</span> <span class='ocrx_word' id='word_1_170' title='bbox 333 2966 450 3014; x_wconf 88' lang='lat' dir='ltr'>vocant</span> <span class='ocrx_word' id='word_1_171' title='bbox 467 2948 627 3014; x_wconf 89' lang='lat' dir='ltr'>homines.</span> <span class='ocrx_word' id='word_1_172' title='bbox 646 2949 732 3036; x_wconf 79' lang='lat' dir='ltr'>Engo</span> <span class='ocrx_word' id='word_1_173' title='bbox 748 2947 891 3037; x_wconf 92' lang='lat' dir='ltr'>undique</span> <span class='ocrx_word' id='word_1_174' title='bbox 911 2948 1018 3029; x_wconf 88' lang='lat' dir='ltr'>litora,</span> <span class='ocrx_word' id='word_1_175' title='bbox 1036 2948 1159 3037; x_wconf 90' lang='lat' dir='ltr'>campi,</span> 
     </span>
     <span class='ocr_line' id='line_1_26' title="bbox 243 3055 1003 3142; baseline 0 -23"><span class='ocrx_word' id='word_1_176' title='bbox 243 3055 285 3119; x_wconf 85' lang='lat' dir='ltr'>Et</span> <span class='ocrx_word' id='word_1_177' title='bbox 299 3055 375 3121; x_wconf 89' lang='lat' dir='ltr'>celsi</span> <span class='ocrx_word' id='word_1_178' title='bbox 390 3073 528 3137; x_wconf 91' lang='lat' dir='ltr'>montes,</span> <span class='ocrx_word' id='word_1_179' title='bbox 548 3071 580 3118; x_wconf 91' lang='lat' dir='ltr'>et</span> <span class='ocrx_word' id='word_1_180' title='bbox 598 3055 713 3119; x_wconf 85' lang='lat' dir='ltr'>caerula</span> <span class='ocrx_word' id='word_1_181' title='bbox 732 3071 819 3118; x_wconf 86' lang='lat' dir='ltr'>vasta</span> <span class='ocrx_word' id='word_1_182' title='bbox 837 3056 1003 3142; x_wconf 88' lang='lat' dir='ltr'>patebunt,</span> 
     </span>
     <span class='ocr_line' id='line_1_27' title="bbox 201 3149 1084 3251; baseline -0.005 -23"><span class='ocrx_word' id='word_1_183' title='bbox 201 3149 207 3162; x_wconf 53' lang='lat'>⁵</span> <span class='ocrx_word' id='word_1_184' title='bbox 245 3163 287 3228; x_wconf 91' lang='lat' dir='ltr'>Et</span> <span class='ocrx_word' id='word_1_185' title='bbox 301 3163 405 3228; x_wconf 84' lang='lat' dir='ltr'>faciles</span> <span class='ocrx_word' id='word_1_186' title='bbox 421 3162 620 3251; x_wconf 85' lang='lat' dir='ltr'>pedibusque</span> <span class='ocrx_word' id='word_1_187' title='bbox 632 3160 757 3226; x_wconf 92' lang='lat' dir='ltr'>dabunt</span> <span class='ocrx_word' id='word_1_188' title='bbox 772 3160 932 3251; x_wconf 87' lang='lat' dir='ltr'>remisque</span> <span class='ocrx_word' id='word_1_189' title='bbox 949 3177 1084 3227; x_wconf 89' lang='lat' dir='ltr'>meatus.</span> 
     </span>
     <span class='ocr_line' id='line_1_28' title="bbox 243 3267 943 3358; baseline -0.009 -20"><span class='ocrx_word' id='word_1_190' title='bbox 243 3275 309 3338; x_wconf 89' lang='lat' dir='ltr'>Pax</span> <span class='ocrx_word' id='word_1_191' title='bbox 321 3269 440 3336; x_wconf 90' lang='lat' dir='ltr'>etenim</span> <span class='ocrx_word' id='word_1_192' title='bbox 455 3268 544 3335; x_wconf 89' lang='lat' dir='ltr'>dives</span> <span class='ocrx_word' id='word_1_193' title='bbox 560 3285 630 3334; x_wconf 90' lang='lat' dir='ltr'>toto</span> <span class='ocrx_word' id='word_1_194' title='bbox 646 3267 834 3358; x_wconf 86' lang='lat' dir='ltr'>spatiabitur</span> <span class='ocrx_word' id='word_1_195' title='bbox 850 3269 943 3349; x_wconf 92' lang='lat' dir='ltr'>orbe,</span> 
     </span>
     <span class='ocr_line' id='line_1_29' title="bbox 157 3357 983 3471; baseline -0.01 -23"><span class='ocrx_word' id='word_1_196' title='bbox 157 3383 221 3471; x_wconf 86' lang='lat'>780</span> <span class='ocrx_word' id='word_1_197' title='bbox 243 3381 284 3445; x_wconf 89' lang='lat' dir='ltr'>Et</span> <span class='ocrx_word' id='word_1_198' title='bbox 302 3376 425 3469; x_wconf 84' lang='lat' dir='ltr'>gladios</span> <span class='ocrx_word' id='word_1_199' title='bbox 439 3376 585 3464; x_wconf 87' lang='lat' dir='ltr'>frangent</span> <span class='ocrx_word' id='word_1_200' title='bbox 607 3373 705 3440; x_wconf 89' lang='lat' dir='ltr'>afflati</span> <span class='ocrx_word' id='word_1_201' title='bbox 724 3373 863 3439; x_wconf 86' lang='lat' dir='ltr'>Numine</span> <span class='ocrx_word' id='word_1_202' title='bbox 884 3357 983 3456; x_wconf 83' lang='lat' dir='ltr'>vates,</span> 
     </span>
    </p>
   </div>
   <div class='ocr_carea' id='block_1_3' title="bbox 155 3567 1379 4020">
    <p class='ocr_par' dir='ltr' id='par_1_3' title="bbox 155 3567 1379 3718">
     <span class='ocr_line' id='line_1_30' title="bbox 192 3567 1276 3641; baseline -0.006 -14"><span class='ocrx_word' id='word_1_203' title='bbox 192 3579 249 3628; x_wconf 74' lang='lat' dir='ltr'>toi.</span> <span class='ocrx_word' id='word_1_204' title='bbox 268 3572 344 3639; x_wconf 75' lang='lat' dir='ltr'>Vulgo</span> <span class='ocrx_word' id='word_1_205' title='bbox 355 3569 443 3641; x_wconf 72' lang='grc' dir='ltr'>ὅππρτ·</span> <span class='ocrx_word' id='word_1_206' title='bbox 459 3570 549 3622; x_wconf 64' lang='lat' dir='ltr'>tooure</span> <span class='ocrx_word' id='word_1_207' title='bbox 562 3584 568 3619; x_wconf 92' lang='lat'>:</span> <span class='ocrx_word' id='word_1_208' title='bbox 580 3586 623 3620; x_wconf 85' lang='lat' dir='ltr'>nos</span> <span class='ocrx_word' id='word_1_209' title='bbox 635 3585 698 3619; x_wconf 84' lang='lat' dir='ltr'>corr.</span> <span class='ocrx_word' id='word_1_210' title='bbox 768 3569 824 3618; x_wconf 73' lang='lat' dir='ltr'>tls.</span> <span class='ocrx_word' id='word_1_211' title='bbox 843 3567 932 3618; x_wconf 82' lang='lat' dir='ltr'>Omnes</span> <span class='ocrx_word' id='word_1_212' title='bbox 950 3567 1021 3619; x_wconf 88' lang='lat' dir='ltr'>initio</span> <span class='ocrx_word' id='word_1_213' title='bbox 1041 3567 1095 3620; x_wconf 76' lang='grc' dir='ltr'>υίὸν</span> <span class='ocrx_word' id='word_1_214' title='bbox 1117 3567 1209 3621; x_wconf 72' lang='lat' dir='ltr'>habent</span> <span class='ocrx_word' id='word_1_215' title='bbox 1230 3586 1276 3621; x_wconf 89' lang='lat' dir='ltr'>no·</span> 
     </span>
     <span class='ocr_line' id='line_1_31' title="bbox 155 3642 1379 3718; baseline -0.007 -15"><span class='ocrx_word' id='word_1_216' title='bbox 155 3651 324 3718; x_wconf 77' lang='lat' dir='ltr'>econjoctnrs</span> <span class='ocrx_word' id='word_1_217' title='bbox 332 3648 442 3714; x_wconf 83' lang='lat' dir='ltr'>quidem,</span> <span class='ocrx_word' id='word_1_218' title='bbox 457 3648 498 3697; x_wconf 87' lang='lat' dir='ltr'>sed</span> <span class='ocrx_word' id='word_1_219' title='bbox 508 3644 650 3696; x_wconf 79' lang='lat' dir='ltr'>certissima.</span> <span class='ocrx_word' id='word_1_220' title='bbox 733 3642 841 3702; x_wconf 72' lang='lat' dir='ltr'>bissum,</span> <span class='ocrx_word' id='word_1_221' title='bbox 864 3653 889 3694; x_wconf 86' lang='lat' dir='ltr'>et</span> <span class='ocrx_word' id='word_1_222' title='bbox 911 3642 946 3695; x_wconf 86' lang='lat' dir='ltr'>sic</span> <span class='ocrx_word' id='word_1_223' title='bbox 965 3645 1016 3710; x_wconf 79' lang='lat' dir='ltr'>jem</span> <span class='ocrx_word' id='word_1_224' title='bbox 1036 3644 1172 3710; x_wconf 79' lang='lat' dir='ltr'>antiquitus</span> <span class='ocrx_word' id='word_1_225' title='bbox 1194 3646 1278 3712; x_wconf 75' lang='lat' dir='ltr'>legisse</span> <span class='ocrx_word' id='word_1_226' title='bbox 1377 3647 1379 3651; x_wconf 81' lang='grc'>’</span> 
     </span>
    </p>

    <p class='ocr_par' dir='ltr' id='par_1_4' title="bbox 192 3719 1278 3792">
     <span class='ocr_line' id='line_1_32' title="bbox 192 3719 1278 3792; baseline -0.006 -13"><span class='ocrx_word' id='word_1_227' title='bbox 192 3730 251 3779; x_wconf 77' lang='grc' dir='ltr'>ΠΙ.</span> <span class='ocrx_word' id='word_1_228' title='bbox 269 3722 377 3792; x_wconf 76' lang='lat' dir='ltr'>Respicit</span> <span class='ocrx_word' id='word_1_229' title='bbox 387 3724 419 3774; x_wconf 76' lang='lat' dir='ltr'>sd</span> <span class='ocrx_word' id='word_1_230' title='bbox 432 3721 520 3773; x_wconf 80' lang='lat' dir='ltr'>Psalm.</span> <span class='ocrx_word' id='word_1_231' title='bbox 536 3724 578 3780; x_wconf 86' lang='lat' dir='ltr'>ll,</span> <span class='ocrx_word' id='word_1_232' title='bbox 590 3737 615 3773; x_wconf 84' lang='lat' dir='ltr'>v.</span> <span class='ocrx_word' id='word_1_233' title='bbox 628 3724 667 3772; x_wconf 83' lang='lat'>10.</span> <span class='ocrx_word' id='word_1_234' title='bbox 733 3719 886 3770; x_wconf 67' lang='lat' dir='ltr'>ineuntium</span> <span class='ocrx_word' id='word_1_235' title='bbox 897 3727 1000 3770; x_wconf 74' lang='lat' dir='ltr'>testatur</span> <span class='ocrx_word' id='word_1_236' title='bbox 1014 3736 1087 3786; x_wconf 83' lang='lat' dir='ltr'>supra</span> <span class='ocrx_word' id='word_1_237' title='bbox 1102 3721 1190 3770; x_wconf 80' lang='lat' dir='ltr'>citatus</span> <span class='ocrx_word' id='word_1_238' title='bbox 1203 3738 1233 3772; x_wconf 85' lang='lat' dir='ltr'>ex</span> <span class='ocrx_word' id='word_1_239' title='bbox 1248 3738 1278 3772; x_wconf 84' lang='lat' dir='ltr'>eo</span> 
     </span>
    </p>

    <p class='ocr_par' dir='ltr' id='par_1_5' title="bbox 158 3794 1279 4020">
     <span class='ocr_line' id='line_1_33' title="bbox 193 3794 1278 3863; baseline -0.005 -11"><span class='ocrx_word' id='word_1_240' title='bbox 193 3804 251 3854; x_wconf 76' lang='lat' dir='ltr'>ttt.</span> <span class='ocrx_word' id='word_1_241' title='bbox 266 3800 344 3850; x_wconf 77' lang='lat' dir='ltr'>Affcrt</span> <span class='ocrx_word' id='word_1_242' title='bbox 351 3798 417 3848; x_wconf 92' lang='lat' dir='ltr'>hunc</span> <span class='ocrx_word' id='word_1_243' title='bbox 424 3815 480 3848; x_wconf 88' lang='lat' dir='ltr'>cnm</span> <span class='ocrx_word' id='word_1_244' title='bbox 487 3805 601 3863; x_wconf 85' lang='lat' dir='ltr'>sequente</span> <span class='ocrx_word' id='word_1_245' title='bbox 608 3811 703 3845; x_wconf 72' lang='lat' dir='ltr'>versum</span> <span class='ocrx_word' id='word_1_246' title='bbox 734 3796 811 3846; x_wconf 88' lang='lat' dir='ltr'>locus.</span> <span class='ocrx_word' id='word_1_247' title='bbox 826 3794 886 3846; x_wconf 85' lang='lat' dir='ltr'>lude</span> <span class='ocrx_word' id='word_1_248' title='bbox 899 3794 1033 3862; x_wconf 85' lang='lat' dir='ltr'>desumpsit</span> <span class='ocrx_word' id='word_1_249' title='bbox 1051 3795 1200 3862; x_wconf 78' lang='lat' dir='ltr'>Augustinus</span> <span class='ocrx_word' id='word_1_250' title='bbox 1215 3813 1278 3862; x_wconf 88' lang='lat' dir='ltr'>quo-</span> 
     </span>
     <span class='ocr_line' id='line_1_34' title="bbox 158 3868 1277 3941; baseline -0.006 -14"><span class='ocrx_word' id='word_1_251' title='bbox 158 3878 230 3931; x_wconf 80' lang='lat' dir='ltr'>hct.</span> <span class='ocrx_word' id='word_1_252' title='bbox 245 3874 288 3936; x_wconf 74' lang='lat' dir='ltr'>lt,</span> <span class='ocrx_word' id='word_1_253' title='bbox 307 3891 361 3941; x_wconf 85' lang='lat' dir='ltr'>cap.</span> <span class='ocrx_word' id='word_1_254' title='bbox 377 3879 402 3934; x_wconf 77' lang='lat'>6,</span> <span class='ocrx_word' id='word_1_255' title='bbox 417 3889 446 3922; x_wconf 87' lang='lat' dir='ltr'>ex</span> <span class='ocrx_word' id='word_1_256' title='bbox 461 3874 560 3939; x_wconf 82' lang='lat' dir='ltr'>ejusque</span> <span class='ocrx_word' id='word_1_257' title='bbox 575 3872 621 3921; x_wconf 90' lang='lat' dir='ltr'>fide</span> <span class='ocrx_word' id='word_1_258' title='bbox 635 3869 704 3920; x_wconf 79' lang='lat' dir='ltr'>disus</span> <span class='ocrx_word' id='word_1_259' title='bbox 735 3886 791 3936; x_wconf 89' lang='lat' dir='ltr'>que.</span> <span class='ocrx_word' id='word_1_260' title='bbox 804 3868 854 3920; x_wconf 83' lang='lat' dir='ltr'>Nec</span> <span class='ocrx_word' id='word_1_261' title='bbox 868 3879 950 3920; x_wconf 83' lang='lat' dir='ltr'>tamen</span> <span class='ocrx_word' id='word_1_262' title='bbox 965 3870 1068 3920; x_wconf 89' lang='lat' dir='ltr'>dubium</span> <span class='ocrx_word' id='word_1_263' title='bbox 1080 3874 1139 3929; x_wconf 82' lang='grc' dir='ltr'>νηόν</span> <span class='ocrx_word' id='word_1_264' title='bbox 1159 3871 1209 3921; x_wconf 83' lang='lat' dir='ltr'>sire</span> <span class='ocrx_word' id='word_1_265' title='bbox 1218 3874 1277 3925; x_wconf 82' lang='grc' dir='ltr'>ναόν</span> 
     </span>
     <span class='ocr_line' id='line_1_35' title="bbox 159 3943 1279 4020; baseline -0.005 -16"><span class='ocrx_word' id='word_1_266' title='bbox 159 3952 321 4020; x_wconf 76' lang='lat' dir='ltr'>Augustinus,</span> <span class='ocrx_word' id='word_1_267' title='bbox 335 3958 422 4000; x_wconf 83' lang='lat' dir='ltr'>contra</span> <span class='ocrx_word' id='word_1_268' title='bbox 437 3948 538 4009; x_wconf 73' lang='lat' dir='ltr'>lieres,</span> <span class='ocrx_word' id='word_1_269' title='bbox 558 3947 601 4013; x_wconf 88' lang='lat' dir='ltr'>qui</span> <span class='ocrx_word' id='word_1_270' title='bbox 623 3956 705 3996; x_wconf 82' lang='lat' dir='ltr'>tamen</span> <span class='ocrx_word' id='word_1_271' title='bbox 736 3943 919 3995; x_wconf 81' lang='lat' dir='ltr'>rescribendum</span> <span class='ocrx_word' id='word_1_272' title='bbox 938 3962 987 3995; x_wconf 82' lang='lat' dir='ltr'>esse</span> <span class='ocrx_word' id='word_1_273' title='bbox 1007 3963 1052 4012; x_wconf 89' lang='lat' dir='ltr'>pro</span> <span class='ocrx_word' id='word_1_274' title='bbox 1067 3947 1135 4006; x_wconf 75' lang='grc' dir='ltr'><strong>υἱόν,</strong></span> <span class='ocrx_word' id='word_1_275' title='bbox 1158 3947 1221 3999; x_wconf 89' lang='lat' dir='ltr'>sicut</span> <span class='ocrx_word' id='word_1_276' title='bbox 1234 3965 1279 3998; x_wconf 91' lang='lat' dir='ltr'>nos</span> 
     </span>
    </p>
   </div>
   <div class='ocr_carea' id='block_1_4' title="bbox 161 4020 1187 4092">
    <p class='ocr_par' dir='ltr' id='par_1_6' title="bbox 161 4020 1187 4092">
     <span class='ocr_line' id='line_1_36' title="bbox 161 4020 1187 4092; baseline -0.006 -13"><span class='ocrx_word' id='word_1_277' title='bbox 161 4029 234 4081; x_wconf 70' lang='grc' dir='ltr'>ἄλλον</span> <span class='ocrx_word' id='word_1_278' title='bbox 248 4026 305 4092; x_wconf 77' lang='lat' dir='ltr'>legit</span> <span class='ocrx_word' id='word_1_279' title='bbox 317 4041 366 4076; x_wconf 86' lang='lat' dir='ltr'>uno</span> <span class='ocrx_word' id='word_1_280' title='bbox 379 4023 470 4084; x_wconf 81' lang='lat' dir='ltr'>serbo,</span> <span class='ocrx_word' id='word_1_281' title='bbox 485 4024 525 4072; x_wconf 82' lang='lat' dir='ltr'>sed</span> <span class='ocrx_word' id='word_1_282' title='bbox 540 4023 611 4072; x_wconf 83' lang='lat' dir='ltr'>male.</span> <span class='ocrx_word' id='word_1_283' title='bbox 631 4021 705 4072; x_wconf 78' lang='lat' dir='ltr'>Addit</span> <span class='ocrx_word' id='word_1_284' title='bbox 735 4037 834 4087; x_wconf 89' lang='lat' dir='ltr'>quoque</span> <span class='ocrx_word' id='word_1_285' title='bbox 847 4020 922 4071; x_wconf 85' lang='lat' dir='ltr'>latine</span> <span class='ocrx_word' id='word_1_286' title='bbox 931 4022 1084 4088; x_wconf 87' lang='lat' dir='ltr'>interpretati</span> <span class='ocrx_word' id='word_1_287' title='bbox 1096 4038 1187 4073; x_wconf 86' lang='lat' dir='ltr'>sumus.</span> 
     </span>
    </p>
   </div>
   <div class='ocr_carea' id='block_1_5' title="bbox 161 4096 1295 4322">
    <p class='ocr_par' dir='ltr' id='par_1_7' title="bbox 161 4096 1295 4322">
     <span class='ocr_line' id='line_1_37' title="bbox 161 4096 1281 4164; baseline -0.005 -9"><span class='ocrx_word' id='word_1_288' title='bbox 161 4113 244 4155; x_wconf 77' lang='lat' dir='ltr'>sutem</span> <span class='ocrx_word' id='word_1_289' title='bbox 255 4103 322 4152; x_wconf 85' lang='lat' dir='ltr'>Lsct.</span> <span class='ocrx_word' id='word_1_290' title='bbox 331 4101 390 4152; x_wconf 66' lang='lat' dir='ltr'>,bec</span> <span class='ocrx_word' id='word_1_291' title='bbox 399 4100 464 4164; x_wconf 80' lang='lat' dir='ltr'>apud</span> <span class='ocrx_word' id='word_1_292' title='bbox 474 4097 591 4163; x_wconf 85' lang='lat' dir='ltr'>Sibyllam</span> <span class='ocrx_word' id='word_1_293' title='bbox 601 4096 705 4145; x_wconf 82' lang='lat' dir='ltr'>inveniri</span> <span class='ocrx_word' id='word_1_294' title='bbox 772 4101 829 4154; x_wconf 79' lang='lat' dir='ltr'>tto,</span> <span class='ocrx_word' id='word_1_295' title='bbox 844 4112 897 4161; x_wconf 85' lang='lat' dir='ltr'>sqq.</span> <span class='ocrx_word' id='word_1_296' title='bbox 915 4097 1017 4161; x_wconf 84' lang='lat' dir='ltr'>lusignis</span> <span class='ocrx_word' id='word_1_297' title='bbox 1031 4097 1097 4146; x_wconf 87' lang='lat' dir='ltr'>locus</span> <span class='ocrx_word' id='word_1_298' title='bbox 1105 4107 1188 4164; x_wconf 86' lang='lat' dir='ltr'>aperta</span> <span class='ocrx_word' id='word_1_299' title='bbox 1201 4099 1281 4149; x_wconf 87' lang='lat' dir='ltr'>imits·</span> 
     </span>
     <span class='ocr_line' id='line_1_38' title="bbox 164 4172 1280 4241; baseline -0.001 -17"><span class='ocrx_word' id='word_1_300' title='bbox 164 4178 213 4228; x_wconf 67' lang='lat' dir='ltr'>«in</span> <span class='ocrx_word' id='word_1_301' title='bbox 228 4178 276 4229; x_wconf 83' lang='lat' dir='ltr'>line</span> <span class='ocrx_word' id='word_1_302' title='bbox 289 4175 404 4227; x_wconf 77' lang='lat' dir='ltr'>carminis</span> <span class='ocrx_word' id='word_1_303' title='bbox 421 4172 541 4239; x_wconf 74' lang='lat' dir='ltr'>Eryslnaei</span> <span class='ocrx_word' id='word_1_304' title='bbox 555 4197 575 4233; x_wconf 71' lang='lat' dir='ltr'>a,</span> <span class='ocrx_word' id='word_1_305' title='bbox 590 4173 656 4236; x_wconf 84' lang='lat' dir='ltr'>qnod</span> <span class='ocrx_word' id='word_1_306' title='bbox 669 4172 706 4221; x_wconf 92' lang='lat' dir='ltr'>in·</span> <span class='ocrx_word' id='word_1_307' title='bbox 737 4172 804 4223; x_wconf 90' lang='lat' dir='ltr'>tione</span> <span class='ocrx_word' id='word_1_308' title='bbox 819 4174 884 4223; x_wconf 74' lang='lat' dir='ltr'>lenire</span> <span class='ocrx_word' id='word_1_309' title='bbox 896 4172 1030 4237; x_wconf 68' lang='lat' dir='ltr'>prophetae,</span> <span class='ocrx_word' id='word_1_310' title='bbox 1044 4189 1097 4239; x_wconf 81' lang='lat' dir='ltr'>esp.</span> <span class='ocrx_word' id='word_1_311' title='bbox 1112 4179 1215 4234; x_wconf 80' lang='grc' dir='ltr'>11,ιι.3,</span> <span class='ocrx_word' id='word_1_312' title='bbox 1227 4190 1280 4241; x_wconf 88' lang='lat' dir='ltr'>sqq.</span> 
     </span>
     <span class='ocr_line' id='line_1_39' title="bbox 162 4247 1295 4322; baseline -0.007 -17"><span class='ocrx_word' id='word_1_313' title='bbox 162 4251 347 4320; x_wconf 77' lang='lat' dir='ltr'>serprstutdom</span> <span class='ocrx_word' id='word_1_314' title='bbox 365 4272 377 4296; x_wconf 73' lang='grc' dir='ltr'><strong>α</strong></span> <span class='ocrx_word' id='word_1_315' title='bbox 392 4250 438 4300; x_wconf 88' lang='lat' dir='ltr'>snb</span> <span class='ocrx_word' id='word_1_316' title='bbox 459 4249 516 4298; x_wconf 87' lang='lat' dir='ltr'>libri</span> <span class='ocrx_word' id='word_1_317' title='bbox 539 4248 574 4298; x_wconf 97' lang='lat' dir='ltr'>lll</span> <span class='ocrx_word' id='word_1_318' title='bbox 595 4247 667 4296; x_wconf 90' lang='lat' dir='ltr'>fmem</span> <span class='ocrx_word' id='word_1_319' title='bbox 683 4268 704 4296; x_wconf 72' lang='lat' dir='ltr'>n.</span> <span class='ocrx_word' id='word_1_320' title='bbox 739 4249 779 4297; x_wconf 77' lang='lat' dir='ltr'>Est</span> <span class='ocrx_word' id='word_1_321' title='bbox 793 4256 874 4296; x_wconf 83' lang='lat' dir='ltr'>nutem</span> <span class='ocrx_word' id='word_1_322' title='bbox 892 4248 992 4313; x_wconf 78' lang='grc' dir='ltr'>τρηχέες</span> <span class='ocrx_word' id='word_1_323' title='bbox 1006 4249 1076 4313; x_wconf 75' lang='grc' dir='ltr'>ὄχθαι</span> <span class='ocrx_word' id='word_1_324' title='bbox 1089 4247 1162 4298; x_wconf 84' lang='lat' dir='ltr'>attice</span> <span class='ocrx_word' id='word_1_325' title='bbox 1176 4248 1295 4322; x_wconf 55' lang='lat' dir='ltr'>dictum,</span> 
     </span>
    </p>
   </div>
   <div class='ocr_carea' id='block_1_6' title="bbox 163 4323 1123 4547">
    <p class='ocr_par' dir='ltr' id='par_1_8' title="bbox 163 4323 1123 4547">
     <span class='ocr_line' id='line_1_40' title="bbox 163 4323 873 4390; baseline -0.013 -10"><span class='ocrx_word' id='word_1_326' title='bbox 163 4330 216 4380; x_wconf 78' lang='lat' dir='ltr'>cn.</span> <span class='ocrx_word' id='word_1_327' title='bbox 229 4328 323 4379; x_wconf 84' lang='lat' dir='ltr'>lntrod.</span> <span class='ocrx_word' id='word_1_328' title='bbox 338 4336 415 4376; x_wconf 85' lang='lat' dir='ltr'>nostr.</span> <span class='ocrx_word' id='word_1_329' title='bbox 430 4326 459 4375; x_wconf 82' lang='lat' dir='ltr'>ud</span> <span class='ocrx_word' id='word_1_330' title='bbox 471 4323 596 4390; x_wconf 79' lang='lat' dir='ltr'>Sibyllina,</span> <span class='ocrx_word' id='word_1_331' title='bbox 613 4323 708 4372; x_wconf 90' lang='lat' dir='ltr'>ubido·</span> <span class='ocrx_word' id='word_1_332' title='bbox 739 4332 766 4372; x_wconf 92' lang='lat' dir='ltr'>ut</span> <span class='ocrx_word' id='word_1_333' title='bbox 778 4323 798 4380; x_wconf 85' lang='lat' dir='ltr'>l,</span> <span class='ocrx_word' id='word_1_334' title='bbox 816 4325 873 4371; x_wconf 76' lang='lat'>322.</span> 
     </span>
     <span class='ocr_line' id='line_1_41' title="bbox 163 4396 1070 4470; baseline -0.009 -15"><span class='ocrx_word' id='word_1_335' title='bbox 163 4404 260 4455; x_wconf 80' lang='lat' dir='ltr'>coimus</span> <span class='ocrx_word' id='word_1_336' title='bbox 273 4403 345 4470; x_wconf 88' lang='lat' dir='ltr'>hujus</span> <span class='ocrx_word' id='word_1_337' title='bbox 364 4401 421 4451; x_wconf 88' lang='lat' dir='ltr'>libri</span> <span class='ocrx_word' id='word_1_338' title='bbox 436 4410 515 4466; x_wconf 87' lang='lat' dir='ltr'>partes</span> <span class='ocrx_word' id='word_1_339' title='bbox 528 4398 707 4463; x_wconf 76' lang='lat' dir='ltr'>antiquissimas</span> <span class='ocrx_word' id='word_1_340' title='bbox 773 4402 830 4448; x_wconf 81' lang='lat' dir='ltr'>tte.</span> <span class='ocrx_word' id='word_1_341' title='bbox 850 4396 899 4447; x_wconf 80' lang='lat' dir='ltr'>co.</span> <span class='ocrx_word' id='word_1_342' title='bbox 915 4413 996 4462; x_wconf 87' lang='lat' dir='ltr'>supra,</span> <span class='ocrx_word' id='word_1_343' title='bbox 1012 4401 1070 4449; x_wconf 71' lang='lat'>304.</span> 
     </span>
     <span class='ocr_line' id='line_1_42' title="bbox 165 4472 1123 4547; baseline -0.008 -17"><span class='ocrx_word' id='word_1_344' title='bbox 165 4479 298 4547; x_wconf 64' lang='lat' dir='ltr'>Erythran</span> <span class='ocrx_word' id='word_1_345' title='bbox 312 4477 382 4542; x_wconf 78' lang='lat' dir='ltr'>vulgo</span> <span class='ocrx_word' id='word_1_346' title='bbox 395 4476 472 4527; x_wconf 85' lang='lat' dir='ltr'>tribui</span> <span class='ocrx_word' id='word_1_347' title='bbox 486 4475 569 4525; x_wconf 83' lang='lat' dir='ltr'>solitas</span> <span class='ocrx_word' id='word_1_348' title='bbox 582 4490 640 4523; x_wconf 85' lang='lat' dir='ltr'>esse.</span> <span class='ocrx_word' id='word_1_349' title='bbox 773 4476 829 4523; x_wconf 76' lang='lat' dir='ltr'>tuo.</span> <span class='ocrx_word' id='word_1_350' title='bbox 850 4472 901 4523; x_wconf 85' lang='lat' dir='ltr'>Cfr.</span> <span class='ocrx_word' id='word_1_351' title='bbox 917 4487 1000 4539; x_wconf 82' lang='lat' dir='ltr'>snpra,</span> <span class='ocrx_word' id='word_1_352' title='bbox 1014 4476 1071 4530; x_wconf 79' lang='lat'>583,</span> <span class='ocrx_word' id='word_1_353' title='bbox 1087 4490 1123 4538; x_wconf 80' lang='lat' dir='ltr'>sq.</span> 
     </span>
    </p>
   </div>
   <div class='ocr_carea' id='block_1_7' title="bbox 0 0 1653 5310">
    <p class='ocr_par' dir='ltr' id='par_1_9' title="bbox 0 0 1653 5310">
     <span class='ocr_line' id='line_1_43' title="bbox 0 0 1653 5310; baseline 0 0"><span class='ocrx_word' id='word_1_354' title='bbox 0 0 1653 5310; x_wconf 95' lang='lat' dir='ltr'> </span> 
     </span>
    </p>
   </div>
  </div>
 </body>
</html>
