3186 5310
232 365 290 423 stt
726 362 840 424 NOTAE

234 494 371 554 referendi,
396 495 417 545 si
444 495 583 561 judiosntur
606 510 712 560 quume
735 509 773 542 re·
800 494 883 561 Soepsi
897 511 939 545 seu
952 495 1091 561 Palaesoepsi
1110 493 1267 560 regnaturis:

233 570 301 636 liquo
321 569 394 636 hujus
419 570 477 620 libri
499 581 596 627 tenore,
626 580 678 619 tum
703 585 717 619 e
737 569 774 618 le·
800 573 853 620 Νῦν
867 571 893 620 δὲ
907 562 1043 630 δὴᾸίνιίαο
1055 572 1094 637 βίη
1107 571 1237 638 Τρώιοσιν
1251 566 1344 626 boias,

235 645 318 711 gentlis
334 645 397 696 inira
421 645 528 695 versibus
541 644 635 695 duobus
650 648 710 703 131,
725 661 772 709 sq„
801 645 852 696 Καὶ
862 643 1346 711 noioecnolbumolssvpasisnoberl-

236 721 328 772 omissis
340 720 489 772 intermediis
506 730 620 786 quatuor,
644 719 776 784 dequibus
1244 735 1343 768 vssssss.

204 812 210 822 ¹
236 796 292 846 ride
304 805 355 846 not.
378 794 776 858 lbienim,138‚oanenturboo
802 795 860 846 'lale
875 812 946 846 omen
962 797 988 846 in
1004 812 1059 847 suos
1073 812 1130 846 usus
1143 792 1345 860 oonresteaepla·

236 880 360 929 eventurn,
375 870 401 920 id
414 879 458 933 ost,
473 870 635 922 Romanorum
646 869 776 935 imperato·
802 870 934 937 pleniorum
954 881 1092 922 nostrorum
1108 888 1154 922 neo
1170 881 1257 922 eontra
1276 869 1345 918 indo-
1432 870 1435 877 ’

238 962 293 996 rum
306 947 365 995 ordo
384 946 514 1005 desiturus,
529 955 584 1012 post
596 945 693 1011 AEgypti
711 960 778 1009 reges
804 947 851 995 lem
863 963 908 996 neo
919 962 991 1012 supra
1003 945 1125 1011 ingenium
1135 944 1191 994 tuit.

236 1020 386 1087 quindecim,
401 1037 488 1087 nempe
501 1020 778 1086 posttotidemimpers·
839 1024 896 1071 139,
914 1020 950 1071 lle
971 1020 1097 1080 Phoenice,
1116 1019 1254 1087 prodigioso
1274 1017 1345 1073 alite.

237 1106 301 1146 toros
308 1094 580 1161 Romanosabllugusto
591 1096 621 1145 nd
631 1094 779 1144 Hadrianum
804 1096 877 1147 semel
894 1106 948 1163 post
964 1095 1060 1162 aliquot
1079 1096 1222 1146 secutorum
1242 1092 1347 1143 ambitus

238 1181 384 1232 numeratos,
396 1172 458 1221 sicut
468 1187 555 1237 supra,
573 1175 615 1234 50,
630 1186 695 1235 sqq„
706 1178 780 1234 atque
805 1172 832 1222 in
846 1173 917 1222 terris
935 1173 1009 1239 aspici
1023 1172 1082 1222 olim
1095 1171 1202 1229 credito,
1223 1169 1281 1236 quia
1296 1183 1347 1218 ma·

239 1246 350 1296 ideosub
362 1247 501 1297 Antoninis.
524 1246 616 1297 llorum
635 1244 780 1311 rerodyna·
805 1247 867 1297 teria
892 1256 928 1296 est
949 1247 1031 1297 multis
1055 1255 1159 1296 tractata
1188 1244 1349 1308 omnibusque

240 1322 286 1372 stin
305 1322 427 1388 quomodo
439 1332 506 1372 sexta
528 1331 685 1383 numeretur,
708 1318 781 1369 variis
806 1331 882 1386 nota,
893 1322 957 1372 nihil
969 1321 1011 1372 bic
1022 1320 1217 1382 observabimus,
1230 1319 1280 1369 nisi
1291 1317 1348 1367 nlti-

241 1396 318 1446 modis
343 1398 475 1463 excogitari
495 1406 587 1464 potest3
616 1407 640 1447 et
661 1394 782 1462 quidquid
807 1413 874 1447 mum
896 1407 954 1447 ante
976 1406 1058 1447 nostra
1077 1394 1184 1446 armins
1212 1392 1349 1462 apparuisse

233 1472 338 1523 olimsle
348 1473 604 1538 earenonjecerimns‚
618 1470 782 1522 certios-nunc
808 1472 881 1521 istum
901 1472 983 1522 stlitem
999 1481 1107 1522 utrumn
1126 1470 1219 1520 Tiberii
1235 1468 1349 1533 anno,ai

240 1548 414 1599 videturnobis
424 1548 571 1598 instituendo
580 1547 630 1597 bne
639 1547 719 1597 ratio:
731 1544 783 1594 θεε-
808 1547 892 1598 Tseito
908 1547 975 1608 fides,
990 1546 1090 1597 biennio
1107 1556 1161 1613 post
1180 1542 1351 1605 tiberium

242 1639 315 1682 sarm,
334 1622 422 1683 Fluvii,
436 1624 524 1684 Nersa,
536 1623 660 1688 Troianus,
680 1620 784 1671 Hadria·
808 1623 897 1673 Plinio.
919 1623 989 1672 Nuus
1011 1638 1067 1673 vero
1087 1621 1151 1672 idem
1171 1619 1295 1670 rediturus
1312 1634 1352 1668 ea-

244 1713 299 1760 nus‚
313 1698 438 1749 Antonini.
809 1699 878 1749 nitur
890 1699 935 1749 sub
955 1713 1037 1748 rerum
1055 1697 1128 1747 finem
1147 1696 1221 1762 poulo
1235 1705 1292 1745 ante
1306 1692 1353 1744 tta-

279 1776 335 1832 133,
345 1789 398 1839 sqq.
412 1771 521 1834 Quatuor
532 1772 604 1824 boses
618 1787 709 1830 versus,
726 1773 785 1820 tss-
810 1774 877 1823 ronis
897 1773 1039 1824 Antichristi
1058 1774 1209 1823 adventum:
1224 1786 1287 1821 vena
1299 1785 1352 1819 om·

248 1850 304 1909 tto,
320 1864 380 1913 quos
391 1848 465 1915 primi
478 1863 523 1897 nos
535 1847 604 1897 uncis
619 1856 647 1896 nt
663 1852 786 1911 suspectos
812 1849 867 1911 oia,
893 1850 923 1899 de
944 1848 1032 1914 quibus
1054 1857 1135 1899 umen
1150 1847 1207 1908 adi,
1227 1846 1248 1895 si
1268 1854 1352 1904 rarat,

244 1923 395 1984 inobnitnus,
415 1924 509 1991 spurios
522 1933 547 1974 et
568 1923 725 1988 interpolatos
736 1935 787 1970 osse
813 1941 882 1975 ouras
894 1934 986 1975 nostros
995 1921 1295 1990 posterioresadpriorem
1304 1918 1355 1970 edi·

245 1999 284 2049 tei
297 1997 322 2047 id
334 2013 410 2048 unum
419 2007 561 2064 argumento
573 1996 615 2058 sit,
625 1997 691 2062 quod
703 2004 788 2061 opens
813 2000 915 2063 tionem,
928 2017 983 2067 pag.
999 2002 1057 2061 225,
1076 2007 1102 2049 et
1114 1996 1256 2048 Friedliebii
1276 1995 1355 2046 intro·

234 2073 417 2125 oontrsdiount
432 2073 512 2122 versui
526 2089 598 2140 supra
611 2073 675 2123 lecto
688 2075 730 2132 65,
746 2070 789 2120 ubi
814 2075 954 2126 ductionem
966 2074 997 2126 ad
1011 2074 1136 2140 Sibyllina,
1151 2089 1207 2140 pag.
1222 2084 1278 2124 ιιι.

247 2147 425 2201 ιιειΑιιιοηίιιί
438 2148 604 2215 praedicuntur
622 2146 703 2198 ultimi
719 2156 744 2196 et
763 2145 789 2196 in
851 2155 908 2210 lot,
922 2167 976 2217 sqq.
1005 2151 1053 2200 [κο
1073 2148 1127 2208 isto,
1145 2148 1259 2198 immanis
1282 2145 1355 2207 ierus,

236 2223 335 2274 ultimo
348 2238 432 2280 rernm
444 2222 548 2280 articulo
561 2223 697 2290 regnaturi,
712 2221 790 2272 πανὺ-
815 2227 882 2276 haud
896 2225 969 2276 dnbio
980 2226 1032 2292 ipse
1050 2235 1087 2275 ost
1103 2224 1167 2274 Nero
1185 2220 1357 2279 Antiebristos,

247 2316 342 2350 στατον
359 2293 427 2364 ἦμαρ
440 2297 611 2365 ipsorumque
621 2307 734 2349 coustant
744 2295 791 2347 luit
816 2318 858 2352 seu
872 2301 961 2368 potius,
985 2301 1044 2367 quia
1054 2316 1121 2349 nunc
1137 2298 1222 2349 ludeo
1235 2298 1299 2347 dues
1311 2295 1358 2345 uti·

249 2372 431 2441 sibyttisnrnm
452 2373 565 2433 traditio,
586 2375 624 2424 uti
643 2390 705 2440 sepe
722 2372 792 2422 nobis
817 2393 881 2437 mur,
896 2377 1063 2435 Antimessins‚
1086 2374 1210 2442 periturus
1222 2371 1360 2439 postbrere

252 2448 447 2500 animadversum
460 2458 505 2500 est.
521 2448 568 2500 Sed
579 2466 624 2500 nee
637 2449 723 2500 melius
733 2463 793 2498 con·
818 2467 920 2517 regnum
931 2468 976 2518 per
986 2451 1105 2511 Messinm,
1120 2449 1161 2516 qui
1174 2464 1241 2498 nune
1262 2446 1360 2512 oblique

250 2523 330 2577 oilisri
347 2533 449 2591 possum
465 2541 521 2575 oum
535 2525 565 2574 iis
575 2541 629 2591 qun
641 2525 714 2591 paulo
729 2521 793 2574 inira
819 2528 957 2593 defiguntur
970 2527 1015 2576 sub
1031 2527 1098 2576 oanis
1117 2525 1193 2591 ligura
1208 2538 1305 2590 gregem
1317 2537 1360 2572 eu·

251 2609 400 2666 sequentur.
423 2602 487 2661 1⁴³,
500 2616 568 2666 sqq.,
588 2616 690 2666 qunque
705 2598 794 2666 passim
820 2602 953 2652 stodieutis.
972 2602 1028 2653 line
1045 2601 1119 2666 igitur
1137 2599 1282 2665 metaphora
1297 2611 1362 2646 nune

252 2675 313 2727 alias
332 2673 358 2724 in
376 2660 504 2740 sibyllinis
522 2691 590 2742 pone
607 2676 639 2725 ad
661 2675 795 2725 satietatem
820 2688 857 2728 est
875 2678 901 2727 in
914 2678 1002 2728 bonam
1015 2686 1108 2743 partem
1121 2674 1255 2742 sapienda,
1269 2688 1320 2723 non
1334 2680 1362 2720 ut
1385 2722 1390 2728 ,

252 2758 392 2811 rwusrunt,
417 2749 450 2800 de
475 2751 613 2816 propinquo
630 2751 730 2815 jamque
752 2748 795 2798 ad·
822 2753 908 2812 serius,
923 2754 967 2803 lib.
981 2752 1045 2813 tw,
1063 2768 1087 2801 r.
1114 2754 1153 2813 ts,
1168 2751 1223 2799 looo
1236 2747 1362 2798 lioetbinc

253 2823 480 2874 suntantellomani
493 2824 588 2891 imperii
601 2825 658 2874 sine.
673 2824 720 2886 Qui
731 2824 796 2873 enim
821 2827 904 2886 (lusto,
930 2828 1050 2877 inmolant
1069 2836 1142 2891 atque
1161 2825 1298 2892 pessimam,
1320 2821 1362 2872 ubi

255 2899 407 2966 propinquus
420 2898 538 2950 habeatur
551 2899 614 2963 linis,
623 2915 697 2966 quem
711 2899 738 2949 ln
749 2908 798 2948 tam
823 2904 854 2953 de
866 2902 969 2954 Odenati
980 2900 1176 2953 interlectoribus
1184 2898 1349 2966 usurpabitur.

257 2973 344 3025 mutin
351 2973 490 3041 principum
497 2976 671 3041 generationes,
687 2974 760 3025 immo
772 2974 799 3022 in
860 2982 917 3036 tto,
929 2994 965 3044 sq.
983 2978 1072 3026 ttimm
1090 2975 1171 3026 tomo
1183 2974 1259 3024 ilioni
1275 2971 1366 3023 riumi-

256 3058 403 3117 perpetuum
416 3050 509 3102 differri
529 3050 637 3102 videmus
650 3052 697 3101 boo
710 3052 796 3100 uersu!
825 3063 867 3104 tur
876 3053 966 3104 Messio
984 3068 1083 3117 reguum
1093 3051 1133 3101 bio
1148 3049 1269 3109 nuntiari,
1288 3048 1366 3115 prius·

257 3126 348 3182 Παῖδες
361 3126 403 3175 καὶ
421 3128 513 3176 παίδων
536 3128 627 3179 τούτου
648 3128 717 3252 suppl
738 3126 801 3176 lton·
826 3145 900 3195 qnam
914 3129 947 3252 dpi
957 3127 1126 3252 Ropeaotupt
1138 3126 1179 3250 siti
1197 3122 1369 3250 onjsusffi

680 3210 683 3217 '
713 3202 800 3251 ιύτων.
826 3204 917 3254 mentio
948 3214 979 3253 et.
1014 3219 1082 3252 erum
1118 3218 1151 3251 nc
1178 3201 1214 3250 uit
1244 3216 1260 3248 u

261 3275 382 3327 Ceterum
394 3276 414 3326 si
429 3275 567 3343 interpolati
579 3287 648 3339 sunt,
658 3276 696 3327 uti
709 3291 800 3336 remur,
827 3296 856 3329 nc
862 3278 1039 3344 judaizantium
1046 3278 1139 3344 opinio,
1151 3276 1261 3326 blessiam
1272 3275 1303 3325 de
1311 3273 1370 3323 cailo

262 3351 289 3402 bi
301 3367 396 3409 versus,
410 3352 508 3417 quondo
527 3353 591 3403 vela
608 3369 667 3418 qno.
687 3351 734 3401 uisi
748 3359 802 3417 post
827 3355 999 3404 desnensurum
1011 3369 1040 3403 eo
1054 3354 1106 3420 ipso
1117 3362 1227 3417 tempore
1234 3366 1286 3416 quo
1300 3349 1373 3399 Anti·

260 3427 393 3478 adventnm
415 3426 569 3477 Constantini
582 3426 614 3477 ab
627 3427 709 3491 aliquo
719 3425 803 3476 Chris·
827 3430 925 3480 messim
939 3429 1067 3496 imperium
1085 3428 1221 3478 Romanum
1234 3424 1372 3485 invaderet,

261 3501 330 3553 tiano
345 3517 420 3552 noris
430 3518 484 3568 spes
493 3501 589 3552 iouente
597 3502 700 3567 ideoque
708 3501 804 3552 sinistra
828 3505 937 3555 nondum
962 3513 1032 3570 oapts
1051 3503 1082 3552 ab
1101 3518 1131 3552 eo
1153 3501 1229 3552 Roma
1245 3500 1374 3565 multoque

265 3585 404 3627 nostrorum
420 3577 556 3628 carminum
569 3578 670 3643 auguria
681 3577 708 3628 iu
719 3576 806 3627 melius
830 3581 912 3630 minus
935 3579 1031 3638 diruta,
1051 3578 1155 3628 necdum
1171 3576 1276 3626 subactis
1293 3574 1376 3625 omni·

265 3657 428 3703 rstmotante?
436 3652 484 3703 Neo
496 3653 606 3702 (liureio
620 3669 665 3703 noo
680 3653 751 3717 longo
762 3652 806 3701 de·
831 3655 877 3705 bus
887 3654 998 3719 gentibus
1011 3653 1098 3719 quibus
1109 3653 1167 3703 olim
1179 3650 1311 3702 oonllntum
1321 3649 1378 3716 ejus

265 3725 321 3776 buit
331 3724 385 3785 iste,
396 3726 505 3793 quisquis
513 3727 570 3788 tuit,
581 3741 672 3778 notum
680 3727 807 3779 oraculum
833 3730 915 3780 inisset
928 3730 1067 3795 imperinm.
1082 3728 1152 3778 Tune
1165 3727 1216 3777 lore
1233 3735 1263 3776 ut
1281 3726 1309 3776 in
1330 3724 1378 3775 ln-

268 3815 339 3849 suum
354 3817 474 3866 quaerero3
488 3802 668 3859 inveniemus,
686 3802 706 3851 si
718 3799 806 3866 soluit,
833 3806 884 3855 dm
903 3804 961 3854 urbs
980 3820 1043 3855 nova
1062 3804 1172 3869 novoque
1193 3802 1238 3852 llei
1251 3800 1313 3870 mdes
1334 3817 1380 3850 ex·

267 3874 417 3924 simillimum
430 3875 497 3935 basio,
509 3876 552 3926 lib.
566 3875 628 3934 XIV,
644 3878 702 3936 280,
711 3893 763 3943 sqq.
777 3879 808 3929 de
834 3889 976 3941 strueretur,
993 3896 1043 3929 non
1059 3879 1170 3945 figurato,
1184 3878 1226 3927 sed
1238 3874 1381 3943 proprioac

267 3947 350 4014 ignoto
367 3949 450 4015 aliquo
462 3967 542 4017 neque
562 3967 670 4017 unquam
692 3962 809 4002 eventurn
834 3970 892 4005 vero
906 3970 986 4016 sensu,
1003 3952 1091 4002 ludnis
1104 3952 1191 4020 partim
1205 3967 1235 4001 ex
1244 3949 1312 4000 omni
1324 3959 1382 4000 tes·

268 4021 380 4090 principe
395 4035 449 4089 post
461 4028 549 4078 mttltos
561 4028 652 4094 pariter
668 4026 762 4092 ignotos
775 4037 810 4079 te-
836 4029 1024 4094 rarumregione
1033 4027 1191 4093 congregetis,
1204 4025 1293 4093 partim
1301 4041 1332 4074 ex
1341 4041 1383 4075 so-

269 4114 336 4150 mene
351 4115 366 4148 a
379 4097 500 4166 Sibyllista
517 4103 542 4151 in
552 4102 662 4153 loturum
679 4103 811 4169 oonjectos.
837 4106 922 4172 pulcro
928 4104 1046 4154 revocatis
1054 4107 1204 4168 (quanquam
1216 4116 1266 4150 non
1276 4100 1386 4151 sinedo-

269 4174 318 4224 Sod
330 4175 473 4240 praeluserat
487 4176 612 4239 Homerus,
624 4177 691 4229 lliad.
705 4177 735 4237 v,
751 4181 810 4237 atis,
837 4181 917 4239 lectu,
937 4190 964 4231 ot
986 4181 1128 4246 opinamur,
1148 4193 1229 4243 nsque
1250 4176 1308 4226 ideo
1328 4176 1387 4226 sios

268 4252 342 4312 talem
348 4251 448 4303 omnino
457 4252 639 4324 prophetiamet
647 4255 746 4320 quidem
755 4255 813 4320 ipsis
838 4255 919 4322 priore
932 4257 1014 4321 aliquo
1025 4255 1150 4321 jndicio),
1165 4263 1193 4302 ut
1209 4251 1335 4303 civitatem
1353 4250 1387 4301 il·

266 4325 345 4377 literis
366 4328 486 4393 intem-nm
499 4328 615 4381 exbibens
633 4329 814 4381 hemistichium
840 4330 890 4380 lam
903 4332 993 4397 populo
1015 4347 1064 4381 non
1077 4329 1174 4396 quidem
1187 4343 1268 4387 noro,
1288 4326 1331 4377 κά
1346 4343 1389 4377 sn·

270 4401 302 4450 de
319 4401 400 4455 AEneae
415 4404 514 4470 ejusque
524 4405 625 4469 posteris
637 4407 696 4456 olim
714 4405 739 4454 in
753 4403 815 4453 urbe
841 4416 928 4457 novato
948 4407 1103 4458 instruerent.
1125 4405 1176 4456 llos
1190 4403 1272 4469 igitur,
1289 4404 1393 4469 dequo

591 4756 841 4960 Α
917 4990 920 4998 ,
