3186 5310
647 380 698 441 Ab
720 378 864 442 LIBRUM
885 381 908 441 Ι.
1304 386 1362 446 345

247 522 349 580 excepto
360 511 458 579 quidem
469 511 524 561 loco
538 525 606 570 uno,
631 509 673 570 Ill,
683 514 725 571 20,
747 511 791 562 ubi
821 513 938 563 attendat
952 511 1092 564 Unatamen
1107 513 1245 580 conjectura
1256 514 1366 581 proxime

247 590 321 641 tiebat
334 589 394 639 olim
407 588 540 637 undecima
552 585 660 647 mentio;
679 602 745 637 nunc
764 585 791 637 id
822 588 919 638 ridetur
937 589 969 639 ad
985 606 1071 639 uerum
1086 591 1219 648 accedere,
1243 589 1369 642 Guillelmi

247 665 377 723 facillime,
394 672 487 714 mutato
496 678 546 712 uno
557 661 635 729 apice,
655 672 791 712 correctum
822 679 909 729 nempe
918 663 1193 728 Cantori,Nor.Lcct.l‚
1204 669 1281 732 capii
1291 665 1365 728 (laiso

243 751 298 792 est:
314 741 399 790 confer
421 740 501 805 ipsum
519 738 601 788 locum
613 748 639 788 et
658 738 735 788 varias
755 737 791 787 ibi
822 738 1008 804 pleriquebunc
1023 741 1142 791 bonorem
1162 741 1253 791 durato
1272 739 1365 793 tribue

247 817 378 873 lectiones„
397 814 567 873 Conseruere,
582 813 601 863 si
616 814 686 879 plura
692 812 789 879 quaeris,
821 819 904 878 runt),
919 814 1047 880 legendum
1061 831 1198 882 proponens
1212 818 1294 866 ΘΕΟΣ
1311 818 1365 866 ΣΩ-

239 892 360 943 veditionis
379 900 468 941 nostrae
489 890 578 957 prioris
593 890 726 940 Fncursum
745 890 787 954 Vl,
821 892 895 953 ΤΗΡ,
908 889 974 940 baud
988 892 1068 953 male,
1081 891 1141 956 quia
1154 893 1259 942 turne
1270 890 1366 958 epithe-

245 976 310 1034 part„
324 968 344 1028 1,
358 983 411 1033 cap.
429 971 450 1017 1.
821 964 928 1014 towliei
950 964 1044 1014 nomini
1065 976 1115 1015 tam
1133 982 1196 1033 saepe
1216 966 1278 1017 solet
1298 967 1367 1032 apud

280 1046 320 1094 al.
338 1041 512 1093 llbsmdissima
528 1040 671 1108 etymologia
685 1038 790 1091 nominis
821 1048 913 1089 veteres
919 1041 1042 1107 conjungi,
1053 1051 1080 1091 ut
1095 1042 1148 1091 dum
1159 1057 1229 1092 voces
1243 1041 1367 1093 interdum

248 1119 329 1178 Ἆδης,
345 1139 358 1162 ι
373 1116 475 1176 inferni,
492 1137 504 1161 υ
526 1117 556 1166 de
574 1132 623 1182 qua
640 1115 723 1165 coriicr
743 1115 790 1166 Fa·
821 1130 865 1178 pro
885 1132 933 1165 una
955 1115 1040 1165 baberi
1060 1117 1152 1183 possint
1171 1115 1270 1183 (confer
1287 1116 1325 1166 rel
1338 1114 1366 1166 in

245 1193 358 1256 bricium,
370 1192 436 1243 bibl.
449 1191 491 1242 Gr.
506 1201 564 1241 tom.
573 1191 593 1250 1,
609 1207 663 1258 pag.
675 1194 736 1255 262,
748 1192 787 1242 ed.
820 1189 878 1257 ipsis
896 1189 1020 1258 Sibyllinis
1039 1191 1072 1255 11,
1092 1195 1140 1254 28;
1163 1191 1208 1250 lli,
1234 1195 1277 1253 ab
1294 1190 1364 1259 vlit,
1438 1208 1443 1217 ¹

245 1267 325 1328 llari„
342 1277 367 1318 et
378 1276 490 1319 auctores
510 1267 544 1316 ibi
565 1266 660 1317 citatos.
683 1265 729 1317 Sed
741 1265 789 1317 alia
820 1269 893 1331 tto),
907 1266 1052 1330 haudmale‚
1063 1268 1173 1332 inquam,
1187 1266 1234 1317 nisi
1243 1284 1288 1334 pro
1298 1270 1361 1319 1691

244 1360 295 1393 non
312 1343 393 1393 sanior
414 1342 528 1392 ulleretur
545 1341 650 1391 nominis
667 1343 740 1406 Ἀδάμ
760 1341 789 1391 li·
820 1358 948 1392 numerum
965 1343 1088 1393 efficerent
1107 1347 1187 1407 1692,
1211 1342 1245 1394 ita
1267 1353 1295 1393 ut
1314 1341 1364 1395 hoc

246 1417 292 1469 bro
304 1417 348 1481 ill,
361 1420 404 1477 24,
418 1433 483 1483 sqq„
501 1416 543 1468 ubi
555 1417 610 1466 vide
622 1426 674 1466 not.
692 1434 697 1465 :
711 1433 740 1466 ac
758 1417 789 1467 de
819 1417 917 1482 quidem
930 1418 1035 1485 locopro
1052 1419 1097 1469 σύν
1117 1420 1139 1482 γ’
1151 1419 1213 1469 ἑπτά
1227 1418 1363 1469 necessario

245 1493 334 1560 etymis
341 1492 530 1543 retenimetiam
537 1491 729 1543 doctissimorum
738 1508 788 1542 non
820 1493 947 1559 legendum
965 1493 995 1544 sit
1017 1494 1044 1544 iu
1064 1503 1132 1543 textu
1151 1493 1196 1544 σὺν
1210 1495 1304 1550 δισσοῖς
1324 1494 1364 1544 rel

240 1578 280 1619 est
292 1568 364 1618 hodie
375 1568 419 1634 qui
432 1569 538 1618 multum
549 1578 628 1627 curet,
640 1577 734 1634 quanto
742 1567 788 1618 mi·
819 1568 865 1618 σὺν
880 1570 931 1626 τοῖς
943 1570 1009 1632 δυσί,
1023 1569 1062 1618 vel
1075 1569 1251 1635 aliudnquidsis
1270 1568 1365 1619 auden·

245 1643 493 1711 nusSibyllistaruml
819 1643 878 1693 dum
895 1645 961 1710 quod
981 1660 1031 1694 non
1051 1644 1118 1694 licet.
1138 1642 1242 1694 Venient
1264 1643 1365 1695 fortusse

278 1721 321 1770 99.
336 1718 372 1769 lle
380 1719 514 1784 Egregoris‚
524 1718 608 1769 medius
617 1719 682 1768 inter
692 1717 789 1783 angelos
819 1717 913 1769 codices
924 1719 981 1770 nori
993 1717 1035 1784 qui
1049 1734 1101 1769 rem
1110 1718 1234 1769 dirimant.
1248 1718 1363 1769 Cetemm

244 1803 270 1844 et
283 1793 394 1844 homines
411 1804 513 1855 naturae,
525 1794 583 1859 quia
596 1810 646 1843 non
657 1795 728 1861 plura
744 1810 788 1843 va·
818 1809 917 1859 prorsus
937 1794 1021 1844 similis
1041 1793 1141 1861 griphus
1163 1803 1275 1844 occurret
1286 1792 1360 1859 inira,

242 1878 284 1919 eat
304 1869 345 1919 bic
367 1869 501 1932 disserere,
522 1867 678 1926 conterendi,
700 1878 788 1935 preter
819 1872 878 1928 626,
892 1886 956 1936 sqq.,
969 1870 1000 1920 de
1014 1869 1113 1919 numine
1125 1869 1284 1936 redemptoris
1295 1869 1360 1932 lesu,

244 1943 394 2010 Scaligerum
405 1945 436 1995 ad
455 1944 542 1994 Euseb.
558 1960 612 2009 pag.
631 1945 687 2003 los,
701 1953 727 1994 et
743 1945 787 1994 lla·
817 1953 843 1993 ct
864 1954 996 2010 utrumque
1018 1955 1132 2011 putamus
1145 1944 1264 2011 Sibyllino
1278 1954 1362 1995 nostro

243 2019 349 2070 nassum
361 2019 424 2070 nui.
437 2018 480 2070 or.
491 2036 546 2086 pag.
559 2023 617 2078 om,
628 2019 666 2069 ea.
681 2018 784 2079 mines,
817 2019 881 2070 libro
894 2021 1071 2086 anquulot'em,
1088 2020 1152 2069 mare
1172 2019 1221 2070 nuc
1239 2020 1362 2070 invasum
1466 1988 1492 2022 ”

243 2096 405 2160 eumdemque
413 2096 445 2145 ad
454 2094 553 2161 losepbi
561 2093 784 2160 Hypomnestioum‚
816 2093 867 2147 sire
878 2111 893 2144 a
906 2094 1022 2161 primario
1045 2095 1102 2144 libri
1117 2103 1218 2145 auctore
1227 2095 1305 2146 sires
1321 2095 1361 2146 si·

241 2187 296 2237 cap.
312 2174 355 2231 29,
375 2170 523 2221 recentiores
539 2169 612 2219 ctiam
624 2167 704 2219 critici
715 2179 787 2235 quot·
815 2168 915 2235 byllinae
924 2169 1074 2220 collectionis
1083 2170 1248 2236 compilatore.
1259 2170 1361 2222 lusum·

238 2246 466 2311 quotcomnicntati
476 2245 571 2295 suntin
586 2245 680 2295 Euochi
694 2244 785 2295 librum
817 2262 856 2294 ma
870 2261 920 2294 non
931 2246 1078 2295 miraremur
1089 2262 1140 2295 esse
1156 2245 1200 2295 bos
1213 2262 1312 2312 quoque
1322 2245 1361 2296 in·

235 2322 410 2388 apocryphum,
426 2320 491 2371 inter
515 2320 670 2372 Armeniacus
685 2320 781 2386 pluteos
816 2320 881 2385 genii
897 2322 964 2370 lusus
977 2337 1007 2370 ex
1021 2321 1119 2372 officina
1138 2320 1358 2389 Therapeutarum.

237 2412 322 2447 recens
335 2406 459 2463 repertum
472 2405 522 2445 eta
537 2396 636 2446 doctore
650 2394 780 2445 Lawrence
813 2396 873 2446 llam
890 2396 1041 2461 judaizantes
1053 2396 1158 2463 quilibet
1171 2406 1214 2446 aut
1227 2414 1257 2447 ex
1267 2397 1360 2461 judais-

237 2471 439 2537 anglicerersum
456 2469 640 2522 :consulendus
659 2487 716 2524 reru
729 2487 780 2537 pre
796 2493 799 2499 ·
813 2489 854 2522 mo
873 2472 922 2523 orti
944 2489 996 2523 nou
1017 2471 1154 2523 debuerunt
1179 2489 1193 2522 a
1215 2472 1359 2523 talibusab·

236 2545 323 2597 ceteris
336 2547 421 2597 doctus
435 2546 499 2596 inter
514 2546 599 2595 doctos
614 2544 680 2612 Sylv.
694 2546 725 2596 de
734 2546 778 2596 Sa·
812 2548 924 2612 horrere,
932 2565 1008 2613 quum
1021 2543 1116 2613 semper
1129 2547 1161 2598 ad
1170 2547 1292 2598 hebraice
1302 2548 1359 2600 lite·

235 2637 275 2689 cy,
289 2624 388 2690 Magus.
403 2619 529 2690 encyolop.
549 2630 610 2673 tom.
620 2620 640 2683 1,
651 2637 705 2688 pag.
720 2625 778 2685 385,
812 2633 899 2674 raturre
920 2623 1043 2689 ingenium
1064 2640 1116 2673 mos
1134 2623 1280 2689 pertinuerit
1293 2622 1359 2674 circe

234 2701 358 2748 etloum.
371 2695 413 2749 des
426 2699 483 2746 Suu.
501 2699 574 2748 1821.
811 2699 941 2750 uerborum
963 2699 1083 2749 elementa
1102 2697 1212 2749 ludendi.
1237 2698 1359 2750 Habemiu

272 2773 333 2833 ill,
345 2788 399 2838 sqq.
413 2770 493 2822 ‘Nemo
506 2781 542 2821 est
556 2770 632 2836 ignoti
650 2772 724 2838 paulo
736 2790 780 2825 cu·
811 2774 889 2825 simile
904 2775 1042 2841 exemplum
1054 2775 1081 2824 in
1094 2774 1144 2842 ipsa
1162 2774 1308 2841 Apocalypsi
1327 2775 1358 2826 ‹le

236 2846 324 2912 pilior,
346 2862 395 2912 quo
413 2847 483 2908 uitio,
504 2845 525 2896 si
545 2846 631 2897 vitium
641 2857 686 2907 cst,
702 2858 781 2901 totum
811 2850 910 2901 nomine
922 2852 1042 2912 Λατῖνος,
1057 2850 1191 2901 Romanam
1209 2849 1244 2898 ibi
1261 2859 1357 2916 gentem

236 2921 291 2988 plus
310 2921 419 2972 minusue
439 2923 534 2972 laborat
549 2921 685 2972 humanum
697 2940 780 2989 genus,
812 2926 937 2976 innuente.
955 2925 1002 2976 Sed
1021 2936 1046 2975 ct
1068 2925 1164 2992 prolani
1179 2924 1309 2991 scriptores
1329 2924 1357 2976 in

234 2996 348 3062 quinon
368 2996 420 3047 hmo
444 2997 523 3061 legens
546 2998 647 3062 aenigma
670 2998 781 3048 dis-inum
812 3002 862 3051 suis
886 3001 1038 3066 designandis
1066 3001 1208 3050 numinibus
1229 3000 1288 3050 tales
1311 3000 1356 3050 ali·

235 3073 328 3122 solvere
341 3081 442 3122 conatus
459 3072 498 3129 rit,
514 3072 540 3121 id
557 3071 615 3122 licet
632 3071 722 3122 frustra
737 3090 781 3122 ex·
812 3077 1016 3142 quandogripbos
1029 3075 1204 3133 adhibuerunt.
1219 3075 1357 3127 utliarciu·

224 3147 310 3214 pertis
323 3164 367 3214 per
387 3148 434 3197 tria
450 3146 596 3211 soeculajum
614 3164 628 3196 a
648 3147 726 3213 prima
740 3148 780 3199 Si·
811 3168 859 3201 nus
868 3152 974 3217 Capella,
988 3167 1043 3217 pag.
1055 3153 1096 3212 tt,
1111 3166 1146 3216 sq.
1157 3160 1206 3200 act.
1222 3151 1273 3210 ed.,
1286 3151 1357 3218 hym-

235 3222 383 3288 bylliuorum
403 3221 509 3272 editione
528 3221 723 3286 ingeniosissimis
735 3240 781 3282 sa·
812 3242 872 3275 num
884 3227 915 3276 ad
930 3227 1011 3276 Solem
1029 3224 1064 3274 ita
1075 3226 1239 3275 concludens:

233 3297 414 3364 gacissimisque
441 3297 506 3347 viris.
537 3297 638 3348 Obstitit
659 3297 781 3364 praecipue
812 3299 892 3366 Salvo,
910 3318 967 3352 aera
985 3302 1062 3352 licum
1081 3300 1155 3351 iacies
1174 3302 1358 3369 vultusquepa-

234 3374 301 3441 quod
312 3389 343 3422 ne
358 3373 453 3424 numeri
464 3373 574 3438 quidem,
590 3373 615 3422 in
629 3373 718 3438 quibus
730 3382 781 3427 totu
1275 3385 1357 3428 xterne

234 3465 275 3500 res
289 3447 400 3506 sortitur,
414 3447 471 3498 satis
482 3447 543 3498 certi
557 3448 616 3509 sint,
635 3449 780 3499 dumsaltcm
812 3449 872 3501 Octo
895 3462 919 3502 et
939 3453 1059 3505 sexcentis
1080 3451 1204 3515 numeris,
1224 3451 1265 3503 cui
1285 3452 1358 3503 litera

234 3523 325 3575 ultime
347 3538 432 3582 voces,
455 3523 543 3589 quibus
565 3523 669 3574 maxime
686 3539 779 3575 summa
1277 3527 1357 3594 prime

233 3599 369 3651 coniicitur.
378 3597 438 3649 Nam
451 3615 527 3664 quum
541 3615 571 3649 ex
583 3598 687 3665 uulgata,
697 3600 743 3650 σύν
755 3601 779 3665 γ’
810 3601 953 3653 ,ὒοιιῐοιιιιιιι
964 3619 1060 3653 sacrum
1073 3619 1172 3664 nomen,
1187 3618 1320 3670 cognomen
1334 3611 1359 3653 et

234 3675 305 3731 inti,
318 3674 540 3724 numerusessistat
559 3678 632 3734 1691,
646 3674 780 3739 fragmenta
1275 3693 1356 3728 omen.

233 3749 344 3814 quedem
365 3748 483 3815 Sibyllina
503 3749 592 3814 passim
612 3750 638 3799 in
657 3749 780 3818 mseriptis
811 3750 858 3802 Ubi
878 3768 994 3802 numerus
1008 3754 1055 3803 608
1075 3750 1217 3803 rcicrcudus
1230 3752 1296 3803 baud
1310 3753 1357 3803 du·

234 3823 318 3886 obvia,
338 3841 352 3873 a
370 3824 440 3873 nobis
451 3834 533 3874 autem
546 3826 611 3874 inter
630 3825 709 3874 varias
729 3826 779 3876 lec·
810 3824 851 3875 bie
862 3836 907 3889 est,
924 3837 989 3878 recte
997 3837 1111 3878 monente
1123 3827 1194 3895 liopp
1207 3827 1233 3878 in
1241 3844 1284 3878 sua
1293 3827 1358 3879 tisr-

234 3897 312 3949 tioues
333 3898 419 3959 citata,
439 3898 481 3948 sul
495 3901 614 3966 τέσσαρες
637 3900 729 3950 habent
742 3901 779 3950 rel
810 3901 875 3951 omni
887 3903 1004 3962 editione,
1014 3904 1046 3953 ad
1057 3905 1187 3970 aegyptium
1194 3903 1258 3954 Solis
1265 3921 1356 3958 nomen

234 3974 280 4025 obs
294 3975 421 4041 τετράσιν,
440 3975 505 4024 unde
519 3975 546 4024 lit
560 3991 676 4024 numerus
700 3979 778 4040 roat;
811 3979 887 4038 ΦΡΗ,
907 3978 973 4043 quod
992 3978 1102 4029 simulet
1120 3996 1209 4030 nomeu
1223 3978 1282 4030 astri
1296 3981 1353 4041 fuit,

234 4065 312 4099 uuum
325 4050 408 4110 etiam,
430 4049 473 4098 isui
490 4049 608 4109 δὶςέπτά,
623 4050 688 4101 unde
704 4054 777 4101 1101.
810 4061 836 4102 et
854 4069 987 4117 cognomen
1007 4053 1040 4102 ob
1060 4069 1143 4103 sensus
1158 4055 1274 4121 mysticos
1295 4055 1355 4107 huic

233 4123 350 4189 Vulgatus
362 4141 486 4182 numerus,
498 4124 538 4174 cui
549 4124 682 4190 plurimum
690 4127 779 4177 allabo-
809 4127 928 4178 uocabulo
945 4127 1059 4187 tributos.
1079 4138 1105 4178 et
1121 4145 1193 4179 omen
1207 4130 1238 4178 ob
1252 4130 1356 4182 triadem

232 4198 506 4266 raseruntinterpretcs.
517 4215 616 4266 quoquo
628 4202 700 4251 modo
714 4211 778 4253 trac·
809 4203 943 4253 literarum.
969 4202 1027 4262 Quae
1050 4203 1121 4254 nohis
1141 4204 1254 4254 ridentur
1274 4222 1305 4256 nc
1325 4207 1356 4257 ab

232 4283 307 4332 tatus,
333 4274 522 4334 nonsatislacit,
544 4291 624 4340 necque
641 4277 778 4328 satisfacere
807 4276 861 4344 ipso
875 4278 973 4342 quidem
983 4278 1078 4345 lioppio
1092 4279 1149 4329 satis
1158 4295 1208 4330 esse
1219 4290 1352 4346 perspecta,

233 4358 322 4415 potest,
336 4349 356 4398 si
368 4350 400 4398 ad
415 4349 579 4400 arithmeticas
597 4351 724 4402 literarum
738 4369 777 4402 ra·
808 4352 866 4418 quia
880 4353 918 4402 vir
930 4354 1015 4404 doctus
1028 4362 1054 4404 et
1067 4370 1151 4420 sagax,
1175 4354 1260 4405 ultimo
1274 4371 1353 4420 versu,

234 4423 311 4476 tiones
321 4424 529 4477 intersecollatas
538 4424 777 4494 bouuscomputator
808 4429 871 4479 mala
901 4437 997 4479 seculus
1024 4428 1187 4497 exemplaria,
1215 4448 1299 4480 nomeu
1327 4431 1353 4483 iu
