3186 5310
228 402 288 469 280
559 406 819 487 ΣΙΒΥᾼΛΙΑΚΩΝ
842 409 969 475 ΛΟΓΟΣ
991 406 1046 469 Η.’

724 652 750 706 X*
832 651 859 705 l(

233 841 412 911 ΙΗΣΟΥΣ.
429 843 667 914 ΧΡΕΙΣΤΟΣ.
681 846 817 915 ΘΕΟΥ.
832 847 952 916 ΥΙΟΣ.
967 845 1127 915 ΣΩΤΗΡ.
1138 843 1358 914 ΣΤΑΥΡΟΣ.

343 965 354 1045 l
399 967 509 1070 ὀρώσει
528 970 562 1046 di
584 981 678 1072 χθὼν,
698 980 824 1075 κρίσεως
844 988 968 1073 σημεῖον
988 983 1035 1048 ὅτ’
1056 980 1156 1047 ἔσται.

343 1066 372 1151 li
402 1079 444 1164 ξει
461 1079 491 1152 δ’
509 1086 668 1180 οὐρανόθεν
689 1089 833 1175 βασιλεὺς
851 1088 956 1157 αἰῶσιν
972 1095 987 1156 ὀ
1006 1089 1139 1180 μέλλων,

344 1194 367 1259 Σ
405 1192 484 1286 οίρκα
504 1199 609 1285 παρὼν
631 1199 732 1264 πᾶσαν
749 1204 859 1290 κρῖναι,
879 1196 932 1264 καὶ
949 1196 1065 1288 κόσμον
1080 1195 1216 1264 ἅπαντα.

240 1325 303 1368 220
345 1280 374 1367 Ο
403 1297 514 1391 ψονται
532 1294 568 1369 di
586 1304 661 1371 Θεὸν
681 1306 811 1397 μέροπες
830 1305 934 1372 πιστοὶ
948 1304 1000 1371 καὶ
1019 1299 1145 1372 ἄπιστοι

345 1391 370 1474 X
407 1405 515 1499 ψιστον
532 1408 613 1503 μετὰ
632 1419 693 1479 τῶν
714 1412 807 1507 ἁγίων
826 1415 876 1480 ἐπὶ
890 1413 990 1506 τέρμα
1008 1402 1141 1504 χρόνοιο.

347 1521 371 1585 Σ
411 1517 588 1610 αρκορόρων
605 1509 633 1582 δ’
654 1511 775 1612 ἀνδρῶν
795 1516 895 1612 ψυχὰς
915 1520 965 1587 ἐπὶ
988 1521 1107 1611 βήματι
1122 1519 1225 1612 κρίνει,

347 1627 379 1690 Χ
407 1625 491 1715 έρσος
510 1628 585 1691 ὅταν
605 1627 681 1693 ποτὲ
700 1628 815 1719 κόσμος
835 1629 905 1707 ὀλος
919 1627 971 1695 καὶ
989 1624 1106 1695 ἄκανθα
1123 1629 1266 1722 γένηται.

348 1714 373 1796 Ιὃ
414 1727 517 1820 ίψουσι
534 1723 553 1797 ὀ
558 1737 564 1758 ’
585 1725 701 1800 εἴόωλα
723 1733 840 1827 βροτοὶ,
858 1735 911 1801 καὶ
929 1742 1062 1803 πλοῦτον
1082 1733 1220 1801 ἅπαντα.

246 1836 309 1905 225
352 1824 379 1904 Ε
417 1839 542 1905 κκαόσει
557 1831 593 1906 di
608 1841 644 1907 τὸ
660 1851 720 1934 πῦρ
737 1851 806 1935 γῆν,
826 1844 965 1934 οὐρανὸν,
983 1835 1042 1919 idi
1060 1840 1216 1908 θοΐλασσαν

353 1930 367 2010 l
411 1953 538 2038 χνεῢον·
562 1940 663 2040 ρλέξει
683 1939 718 2014 ὀὲ
735 1950 835 2031 πυλας
853 1947 972 2044 εἱρκτῆς
993 1941 1106 2018 alidan.

354 2054 377 2119 Σ
409 2046 467 2146 ispi
486 2053 560 2122 τότε
582 2058 670 2122 πᾶσα
688 2066 799 2150 νεκρῶν
819 2054 867 2124 ἐπ’
887 2058 1049 2150 ελεοθέριον
1064 2055 1140 2150 ροίος
1157 2047 1222 2135 ἥξει

353 2164 381 2227 Τ
410 2169 450 2225 ῶν
467 2159 580 2255 ἁγίων·
601 2163 734 2257 ,ἀνόμους
753 2155 788 2230 di
805 2165 840 2231 τό
861 2173 919 2258 πῦρ
934 2151 1045 2232 ἀἰῶσιν
1067 2157 1190 2260 ἐλέγξει.

356 2253 385 2334 Ο
415 2268 522 2336 ππόσα
541 2296 587 2349 τις
606 2264 726 2362 πράξας
745 2271 863 2357 ἔλαθεν,
886 2273 957 2340 τότε
972 2271 1078 2340 ποίντα
1094 2273 1244 2347 λαλήσει·

253 2377 318 2443 230
358 2377 382 2441 Σ
416 2375 509 2452 τήθεα
523 2374 580 2470 γὰρ
599 2369 747 2471 ζορόεντα
761 2379 839 2459 Θεὸς
855 2390 1030 2473 φωστῆρσιν
1051 2372 1173 2458 ἀνοίξει.

357 2488 385 2551 Θ
416 2492 501 2576 ρῆνος
521 2476 550 2550 ὀ’
568 2489 601 2552 ἐκ
619 2484 741 2552 πάντων
755 2479 832 2572 ἥξει,
845 2486 897 2554 καὶ
917 2489 1053 2583 βρυγμὸς
1072 2479 1220 2556 ὀδόντων.

357 2579 385 2659 Ε
412 2587 529 2680 κλείψει
548 2595 637 2670 σέλας
653 2590 768 2678 ήελίοο,
786 2588 907 2687 οἴστρων
926 2621 959 2662 τε
979 2603 1105 2688 χορεῖαι.
1167 2585 1170 2590 ’

360 2701 389 2764 Ο
417 2699 524 2788 ὀρανόν
540 2692 659 2777 εἱλίξαι·
677 2703 772 2791 μήνης
791 2690 827 2766 ὀέ
842 2727 875 2768 τε
898 2704 1011 2797 φέγγος
1030 2707 1158 2770 ὀλεῖται.

302 2880 304 2884 ,
359 2793 384 2873 X
421 2799 515 2893 ψώσει
530 2796 567 2870 δὲ
580 2806 753 2900 φάραγγας,
772 2810 837 2874 ὀλεῖ
853 2800 883 2874 θ’
895 2805 1050 2901 ὑψώματα
1070 2812 1184 2896 βοννῶν
1200 2837 1206 2851 ·

172 3063 183 3077 ⁶
284 3001 350 3050 Aac.
374 2997 428 3065 agit
445 2998 497 3050 haec
515 3016 571 3067 pars
588 3001 618 3050 de
632 3016 743 3067 supremo
756 3002 878 3069 precipue
890 3002 992 3069 judicio,
1004 3002 1086 3054 multis
1099 3002 1232 3070 interjectis
1243 3003 1275 3053 de
1286 3003 1340 3054 rita
1352 3015 1380 3057 et

248 3097 327 3138 morte
338 3085 438 3144 Christi,
449 3085 580 3151 additaque
595 3086 665 3152 longa
674 3087 705 3136 ad
717 3085 810 3137 ludaeos
822 3086 937 3154 primum,
953 3086 1040 3138 deinde
1052 3088 1083 3137 ad
1095 3087 1193 3152 gentiles
1205 3086 1380 3140 cohortatione

250 3182 277 3224 ut
289 3172 320 3222 ad
338 3187 423 3221 verum
439 3170 481 3221 Ilei
499 3172 592 3221 cultum
606 3181 788 3222 convertantur.
807 3173 862 3222 llaec
876 3189 942 3241 pars,
964 3172 1011 3222 nisi
1024 3173 1105 3241 potius
1119 3188 1195 3224 nouis
1207 3172 1327 3222 dicendus
1341 3184 1381 3226 est

249 3257 321 3317 liber,
336 3273 416 3308 nonus
431 3257 517 3308 ordine
531 3258 705 3323 numerandus,
715 3257 773 3322 quia
792 3274 870 3308 nonus
885 3259 955 3324 vulgo
971 3259 1047 3319 deest,
1060 3258 1134 3310 habet
1143 3258 1283 3309 communia
1295 3259 1380 3312 multa

282 3397 341 3448 Τιτ.
358 3398 413 3447 llaec
427 3413 484 3463 pars
499 3396 557 3445 libri
580 3397 660 3448 octavi
679 3396 706 3446 iu
719 3396 790 3446 codd.
825 3397 938 3463 antiquos
952 3397 1095 3449 acrostichis
1111 3399 1239 3466 Sibyllina,
1261 3409 1381 3452 constans

248 3475 307 3528 olim
325 3472 440 3524 adhibitis
462 3482 486 3522 et
508 3472 534 3520 in
555 3473 675 3522 ueteribus
697 3472 752 3522 edd.
779 3488 794 3522 a
827 3474 935 3524 uersibus
951 3474 1054 3533 XXXIV,
1080 3491 1184 3540 quorum
1198 3477 1283 3542 primis
1296 3478 1380 3529 literis

248 3553 330 3622 priore
339 3566 388 3599 non
400 3549 472 3598 aliter
483 3558 609 3614 separatur
618 3565 689 3614 quam
702 3549 794 3598 laeunae
827 3550 912 3600 titulus
927 3551 1054 3600 conficitur
1070 3570 1075 3601 :
1092 3555 1206 3602 ΙΗΣΟΥΣ
1217 3555 1379 3605 samson

247 3629 325 3699 spatio
342 3627 374 3676 ob
388 3641 469 3675 uersus
483 3624 576 3690 priores
591 3624 743 3690 imperfectos
756 3640 795 3674 re·
828 3629 911 3677 θΕΟΥ
923 3629 991 3677 ΥΙΟΣ
1002 3630 1265 3691 ΣΩΤΗΡΣΤΔΥΡΟΣ,
1277 3629 1379 3696 sicqui-

248 3707 322 3762 licto,
339 3704 404 3754 tituli
425 3711 507 3751 tamen
525 3699 603 3749 ricem
625 3709 723 3766 gerente
742 3700 794 3766 epl-
828 3704 883 3752 dem
897 3705 961 3769 apud
975 3703 1105 3753 Eusebium
1123 3705 1150 3752 in
1166 3704 1282 3755 Oratione
1297 3705 1378 3757 (ἱστιο-

247 3780 351 3851 grapbe,
366 3779 480 3829 ΙΗΣΟΥΣ
493 3780 665 3838 ΧΡΕΙΣΤΟΣ,
680 3794 705 3826 κ.
721 3793 744 3825 τ.
759 3778 793 3838 λ.,
828 3778 916 3828 tantini
937 3779 966 3827 ad
988 3779 1089 3829 Sanctus
1104 3794 1111 3830 ε
1128 3780 1193 3846 apud
1211 3780 1377 3846 Augustinum

247 3856 416 3928 grandioribus
435 3855 579 3921 plerumque
602 3853 641 3902 sel
664 3851 795 3902 rubricatis
828 3871 885 3903 vero
897 3855 927 3903 de
941 3854 1014 3904 Civit.
1030 3855 1082 3915 Dei,
1093 3873 1145 3922 cap.
1159 3860 1200 3915 23,
1218 3857 1303 3922 primis
1315 3867 1377 3909 tan·

247 3935 339 4002 scripta
354 3931 439 3982 literis.
458 3929 566 3980 Rubricn
588 3928 663 3995 ctiam
676 3928 743 3994 pingi
756 3945 794 3978 so-
827 3938 880 3979 tum
889 3929 996 3979 versibus
1005 3931 1069 3980 XXll
1081 3932 1230 3990 continetur,
1239 3931 1334 3982 omissis
1344 3933 1378 3984 iis

247 4012 299 4063 lent
318 4008 388 4061 initia
402 4006 564 4072 sequentium,
584 4004 673 4069 quibus
693 4006 795 4054 acrosti·
827 4005 870 4070 qui
883 4005 914 4053 ad
930 4021 1014 4074 uocem
1024 4008 1161 4056 ΣΤΑΥΡΟΣ
1170 4008 1303 4072 pertinent.
1314 4007 1381 4061 Vide

248 4087 413 4142 caueamus,
422 4097 540 4130 versuum.
551 4080 612 4130 Nori
623 4079 693 4130 codd.
704 4083 794 4145 (novos
827 4089 880 4130 not.
890 4079 920 4128 ad
930 4080 956 4129 h.
972 4081 990 4131 l.
999 4091 1022 4131 et
1030 4098 1084 4147 qum
1090 4082 1166 4132 multa
1178 4082 1237 4132 olim
1248 4084 1279 4133 de
1290 4083 1339 4134 bac
1352 4102 1382 4138 re

151 4166 157 4183 “
248 4164 313 4215 enim
327 4161 357 4211 de
371 4174 438 4210 moro
452 4166 534 4207 nostro
547 4172 660 4206 vocamus
674 4156 809 4206 recentius
827 4154 948 4221 disputata
958 4157 1049 4207 suntin
1059 4158 1117 4207 Ere.
1125 4167 1209 4208 nostro
1216 4158 1244 4217 V,
1259 4176 1314 4225 cap.
1332 4165 1359 4212 5.

247 4241 387 4307 exploratos
414 4234 621 4290 Ambrosianum,
647 4231 794 4289 Vaticanus,
863 4236 921 4281 tlt.
940 4233 1039 4284 Eusebii
1058 4235 1130 4284 lectio
1145 4245 1181 4284 est
1199 4237 1299 4302 ἱδρώσει
1314 4238 1385 4304 γάρ,

248 4316 423 4374 llardtinnum)
432 4311 496 4361 hanc
505 4309 634 4358 secundam
642 4317 736 4374 partem
745 4309 799 4357 sine
831 4307 945 4373 Sibyllini
956 4320 1038 4360 autem
1050 4310 1145 4360 codices
1157 4312 1192 4360 δέ.

247 4391 329 4461 priore
345 4389 453 4448 habent3
473 4385 547 4435 totius
558 4383 633 4448 igitur
646 4383 704 4433 libri
715 4383 796 4443 initio,
865 4388 923 4434 222.
943 4385 1021 4436 Codd.
1033 4386 1143 4452 plerique
1158 4386 1322 4451 σαρκορόρων
1338 4387 1388 4440 ἄν·

247 4468 388 4536 pariterque
397 4464 468 4515 titulo
478 4468 570 4511 carent.
832 4460 935 4524 θρώπων
951 4462 1031 4527 ψυχὰς
1047 4464 1139 4527 βήματι
1152 4464 1258 4527 κρίνων,
1277 4463 1330 4512 εἰπε
1361 4466 1387 4516 δ’

282 4547 345 4606 211,
361 4557 415 4608 sqq.
438 4536 529 4607 lucipit
551 4533 710 4587 celeberrima
732 4535 798 4605 apud
831 4550 860 4585 ac
872 4534 924 4586 sine
938 4538 992 4589 tul:
1005 4537 1046 4587 sul
1058 4538 1133 4588 codex
1145 4537 1253 4588 Maianus
1264 4538 1387 4594 llediola·

658 4860 847 4960 A
