3186 5310
1 510 3 523 Ι
83 431 145 480 xxx
507 415 759 480 INTRODUCTIO

84 574 170 617 caeco
193 550 296 616 lucem
322 550 439 616 afferre
460 551 656 640 potuissent!
683 555 732 618 De
757 550 927 618 Antoninis
952 576 989 618 ac
1004 553 1044 618 de
1069 554 1199 621 Nerone

83 655 281 723 Antichristo
303 673 377 748 post
394 658 480 747 ipsos
505 675 653 741 venturo,
676 657 783 724 omnia
807 681 880 747 quae
903 681 962 747 per
984 673 1089 723 totum
1107 658 1200 724 illum

83 763 202 830 libmm
216 781 372 831 canuntur
386 764 464 830 falsa
475 781 507 830 et
516 764 587 831 falsi
602 766 780 844 manifesta,
791 788 921 831 necesse
931 765 1037 831 estvel
1047 789 1113 831 non
1123 767 1200 833 satis

84 887 202 936 attente
221 871 334 962 legerit
354 871 512 956 Clemens,
544 873 603 955 vel,
625 888 660 937 ut
681 896 794 938 arcana
813 889 846 937 et
865 873 1024 963 mysteriis
1041 872 1197 957 involuta,

84 976 198 1044 futuris
220 978 448 1069 interpretibus
463 979 683 1046 reservaverit.
695 979 882 1045 Notandum
898 996 1007 1045 tamen
1020 996 1069 1047 est
1078 980 1199 1068 gravis-

86 1084 185 1151 simos
198 1083 282 1151 viros
299 1088 455 1152 Irenaeum
466 1102 499 1151 et
517 1085 689 1175 Origenem
704 1110 722 1151 a
737 1086 872 1152 citandis
886 1087 1049 1176 Sibyllinis
1067 1112 1199 1178 prorsus

85 1193 286 1273 abstinuisse,
306 1210 337 1259 et
351 1195 396 1261 sic
413 1192 491 1260 alios
506 1194 663 1278 videlicet,
678 1195 735 1261 sed
746 1219 876 1285 paucos.
893 1197 1004 1284 Itaque
1025 1196 1135 1262 Celsus
1147 1220 1200 1262 so·

84 1301 201 1393 phista,
226 1301 331 1367 minus
351 1302 415 1369 suis
435 1301 560 1391 scriptis
584 1327 682 1392 quam
708 1304 849 1395 ipsorum
875 1303 1066 1369 refutatione
1088 1320 1197 1385 notus,

84 1430 183 1498 quum
200 1408 357 1474 Lucianea
372 1409 539 1474 dicacitate
555 1410 687 1497 (amicus
707 1412 826 1500 quippe
842 1407 989 1495 Luciani)
1003 1407 1199 1474 Christianos

85 1514 171 1606 apud
188 1515 361 1604 Origenem
374 1518 416 1598 V,
433 1524 448 1599 5
462 1516 517 1599 61,
538 1516 715 1606 Sibyllistas
737 1517 903 1599 vocitaret,
919 1515 1090 1582 sinimiam
1112 1515 1200 1605 ipso·

75 1645 156 1699 ,rum
179 1645 254 1710 erga
279 1620 434 1712 Sibyllina
450 1622 547 1688 fidem
564 1639 672 1688 taxare
693 1624 805 1703 voluit,
831 1646 898 1688 non
919 1626 1055 1688 multum
1078 1646 1097 1687 a
1122 1646 1198 1687 vero

84 1728 244 1794 aberravit
260 1752 269 1794 ε
283 1728 331 1793 sin
351 1745 387 1793 nt
406 1730 576 1795 mendaces
601 1747 634 1794 et
656 1729 896 1798 mendaciorum
912 1729 1103 1795 confictores
1126 1730 1199 1793 uni·

83 1858 192 1902 versos
206 1835 411 1916 insimulavit,
428 1836 533 1926 inique
550 1861 624 1903 cum
634 1837 672 1903 iis
681 1839 757 1927 egit,
773 1840 828 1927 qni
844 1838 996 1903 hactenus
1009 1861 1027 1902 a
1042 1836 1199 1926 fingendis

85 1941 217 2030 hujusce
227 1942 315 2009 modi
327 1943 528 2018 commentis,
545 1960 661 2033 praeter
676 1968 775 2009 unum
786 1943 870 2008 forte
877 1944 1113 2034 Therapeutam
1123 1967 1199 2033 pos-

86 2049 162 2116 teris
180 2050 339 2140 ignotum,
363 2049 593 2117 abstinuerant.
619 2051 747 2116 Crimen
764 2049 842 2116 illud
857 2050 1056 2141 sibyllizandi
1071 2051 1200 2117 Judaeo·

87 2181 160 2224 mm
175 2157 276 2246 magis
296 2182 394 2248 quam
414 2157 669 2224 Christianorum
687 2158 792 2223 facere
810 2157 919 2224 Celsus
932 2156 1099 2225 debuerat.

419 2328 485 2394 IX.
501 2331 552 2395 De
574 2328 663 2393 libn's
681 2329 732 2394 VI
745 2341 775 2392 et
796 2327 872 2393 VII.

130 2481 173 2545 At
193 2503 268 2545 ecce
289 2503 348 2545 nec
364 2479 466 2545 multo
490 2495 564 2569 post
583 2479 777 2563 Antoninos,
803 2502 919 2568 nempe
943 2481 1003 2545 sub
1021 2478 1201 2545 Alexandro

85 2589 217 2671 Severo,
232 2587 349 2653 saeculo
362 2588 411 2653 III
427 2586 572 2652 nondum
587 2586 753 2670 inclinato,
767 2587 930 2677 Sibyllista
947 2587 1079 2655 demum
1095 2586 1203 2676 prodit

85 2693 198 2784 aliquis
209 2718 275 2759 non
287 2693 383 2760 dubie
397 2717 502 2784 neque
519 2693 714 2761 dissimulate
728 2694 937 2761 Christianus.
954 2696 985 2761 Is
999 2693 1126 2760 duobus
1137 2717 1204 2760 car·
1228 2715 1229 2719 ’

85 2799 224 2867 minibus
238 2799 389 2884 innotuit,
403 2825 469 2866 uuo
484 2801 685 2883 brevissimo,
705 2825 807 2891 neque
829 2801 969 2868 vaticinii
991 2801 1091 2868 instar
1109 2801 1201 2889 (nihil

85 2906 131 2973 ihi
142 2907 260 2998 quippe
277 2908 318 2974 de
337 2909 434 2974 rebus
454 2908 592 2996 futuris),
612 2909 669 2974 sed
693 2909 806 3001 hymni
825 2908 929 2997 potius
944 2908 977 2974 in
993 2908 1112 2975 Christi
1131 2909 1203 2975 lau·

86 3011 161 3079 dem
174 3013 343 3103 compositi
359 3041 366 3079 :
383 3014 482 3080 altero
495 3015 598 3082 verius
610 3017 774 3105 magisque
786 3015 917 3106 proprie
931 3015 1105 3104 Sibyllin03
1126 3038 1201 3080 nam

86 3136 119 3186 et
132 3119 270 3186 formam
284 3121 412 3187 affectat
422 3121 585 3188 fatidicam
598 3140 630 3188 et
642 3122 809 3188 materiam
824 3122 940 3188 nostris
953 3123 1104 3189 omnibus
1118 3147 1202 3189 com·

85 3250 216 3294 munem
229 3227 367 3314 vatibus,
381 3229 512 3295 urbium
525 3253 640 3318 nempe
655 3246 688 3295 et
699 3229 866 3295 nationum
882 3231 1076 3298 calamitates
1090 3255 1108 3296 a
1123 3255 1203 3322 prae·

86 3335 166 3400 senti
178 3351 323 3425 tempore
334 3359 433 3424 usque
443 3336 483 3401 ad
493 3335 602 3402 mundi
615 3336 724 3402 finem.
736 3336 867 3402 Diversa
880 3337 1029 3403 carminis
1036 3337 1202 3428 utriusque

88 3441 208 3519 lorma3
236 3467 336 3508 unum
362 3461 469 3509 tamen
494 3443 627 3509 facimus
647 3460 825 3526 auctorem,
848 3445 934 3534 quod
958 3461 991 3511 et
1014 3444 1203 3533 theologice

88 3547 242 3615 doctrinae
254 3549 473 3615 convenientia
485 3565 517 3615 et
525 3573 632 3615 rerum
646 3574 826 3640 vocumque
836 3551 1010 3640 similitudo
1022 3550 1200 3618 confirmat.

88 3655 298 3734 Christianus,
316 3655 412 3721 etiam
427 3655 482 3722 ubi
496 3679 561 3722 non
580 3657 792 3737 orthodoxus,
806 3674 915 3746 aperte
927 3675 975 3722 est
989 3680 997 3723 ι
1011 3681 1085 3723 nam
1098 3659 1139 3725 de
1154 3656 1203 3723 di-

88 3763 220 3830 vinitate
242 3781 337 3853 atque
357 3762 533 3829 aeternitate
549 3763 619 3828 Filii
644 3779 717 3830 ante
742 3788 794 3831 res
812 3788 923 3854 omnes
940 3780 1074 3848 creatas,
1091 3765 1147 3850 VI,
1166 3789 1198 3841 a,

88 3896 180 3962 sqq.·,
193 3873 282 3954 VIII,
295 3871 335 3937 32
345 3897 353 3949 ς
365 3869 442 3937 item
455 3871 496 3937 de
511 3872 649 3937 humana
661 3863 775 3937 natura
788 3872 878 3938 abeo
891 3872 1129 3964 assumpta,VI,
1144 3896 1199 3947 am

87 3980 160 4058 VII,
178 3985 231 4058 ad,
255 3977 309 4065 53,
324 3981 380 4058 66,
393 3978 561 4069 divinaque
574 3979 668 4055 simul
684 3995 892 4069 permanente
916 3979 1012 4046 etiam
1025 3995 1100 4070 post
1115 4003 1202 4044 mor-

87 4103 152 4152 tem
169 4086 200 4150 in
215 4108 309 4151 cruce
325 4100 591 4169 consummatam,
604 4086 662 4170 VI,
683 4088 738 4168 26,
757 4092 811 4164 28,
829 4104 895 4153 tam
905 4086 1042 4153 disertus
1058 4102 1107 4151 est
1122 4104 1202 4151 tam-

86 4217 150 4284 que
164 4216 329 4285 expressus
343 4209 380 4259 ut
394 4217 489 4258 nemo
505 4193 605 4282 magis
618 4192 702 4258 inter
715 4192 888 4260 catholicos
905 4195 955 4260 vel
969 4193 1044 4261 fidei
1059 4218 1123 4260 suae
1146 4195 1201 4260 ad·

86 4300 289 4367 dictissimos.
308 4300 372 4366 Sed
391 4299 477 4365 idem
493 4299 534 4365 de
555 4299 660 4366 divina
677 4318 789 4366 natura
810 4325 869 4390 per
885 4300 1039 4391 Spiritum
1056 4318 1202 4369 sanctum

86 4408 225 4495 Christo,
245 4425 281 4475 ut
297 4409 363 4499 ipse
378 4409 458 4492 vult,
475 4407 578 4475 infusa
591 4409 740 4500 baptismi
757 4411 887 4476 demum
897 4411 1030 4476 loannei
1042 4428 1200 4501 tempore,

87 4515 131 4582 ita
146 4515 379 4607 discrepantem
396 4541 413 4582 a
428 4532 537 4583 nostra
556 4517 751 4609 theologiam
769 4517 902 4608 exponit
919 4536 955 4584 ut
970 4519 1127 4586 haereseos
1140 4518 1202 4586 cri·
