3186 5310
449 416 730 482 SIBYLLlNOllUll
752 421 822 482 LlB.
847 423 897 482 Xl.
1166 427 1225 487 275

200 547 324 612 Rostris
336 565 430 639 atque
445 548 537 626 foro;
558 570 680 618 crescet
693 555 794 643 magis
805 553 880 618 iude
893 536 1057 643 magisque

113 654 175 719 265
199 658 378 720 Caesareum
396 680 525 737 nomen,
539 683 622 724 caeca
636 662 812 728 ambitione
828 662 990 728 laborans.

200 761 338 827 Ultimus
350 779 382 827 at
396 766 512 847 Caesar,
532 789 629 853 quem
645 766 738 831 litera
752 767 834 832 dena
846 768 981 849 notabit,

199 868 364 957 Regnandi
381 870 523 959 cupieuS,
540 871 668 938 inimico
682 875 829 939 concidet
843 898 929 951 ense,

199 976 412 1064 Membraque
425 977 631 1065 sanguineam
647 1001 705 1066 per
715 981 849 1044 humum
859 980 1050 1069 trepidantia
1065 982 1180 1046 volvet.

199 1084 305 1166 Quem
317 1086 429 1149 Romae
439 1085 578 1172 populus
592 1085 675 1150 miro
691 1086 862 1152 tumulabit
873 1086 1009 1169 honore,

113 1213 176 1277 270
199 1191 390 1279 Elatumque
406 1190 477 1255 unis
491 1191 636 1256 manibus
648 1209 833 1282 componet,
850 1209 883 1257 et
896 1193 995 1259 altum

198 1299 333 1387 Insuper
352 1299 483 1362 extollet
497 1317 742 1364 monumentum
758 1325 794 1365 ac
811 1325 926 1366 munus
938 1303 1068 1369 amoris.

244 1405 365 1468 Verum
379 1403 433 1468 ubi
447 1405 657 1493 progrediens
672 1404 713 1470 ad
729 1406 825 1470 finem
838 1407 992 1497 temporis
1011 1427 1085 1475 aetas

200 1516 309 1575 Annos
322 1510 496 1576 contulerit
511 1510 675 1577 bisdenos
688 1513 801 1602 bisque
815 1530 987 1591 trecentos,

198 1617 246 1683 Ex
263 1640 327 1705 quo
342 1616 486 1706 regnavit
504 1619 630 1705 genitor
647 1635 720 1683 tuus
737 1619 792 1682 ille
808 1619 911 1684 ferino

111 1724 172 1809 275
197 1726 291 1788 Lacte
306 1740 411 1806 satur;
425 1725 492 1810 jam
506 1747 573 1789 non
586 1741 756 1790 contentus
764 1728 837 1811 jure
853 1727 1002 1792 modesto

198 1829 356 1908 Dictator,
374 1830 428 1895 sed
446 1830 507 1895 erit
520 1831 656 1919 perlecti
669 1855 803 1920 compos
821 1833 952 1898 honoris

196 1940 263 2000 Rex
282 1960 318 2001 ac
336 1960 425 2025 paene
442 1936 532 2000 deus.
551 1938 643 2002 Tunc
655 1937 720 2004 Ndi
735 1955 860 2026 sceptra
876 1956 1041 2027 petentem

195 2043 343 2132 Excipiet
356 2065 465 2130 regem
479 2041 582 2108 rutilis
595 2044 682 2108 Mars
699 2059 808 2108 torvus
823 2045 855 2108 in
871 2046 980 2127 armis,

195 2149 288 2213 Unde
303 2149 361 2213 tibi
376 2149 483 2213 clades
495 2147 591 2213 instat
604 2148 774 2213 saevissima
789 2177 796 2214 :
816 2167 958 2238 surgent,

108 2258 172 2322 280
196 2255 374 2319 Horribiles
388 2271 516 2342 surgent
530 2253 650 2341 circum
664 2272 718 2320 tua
731 2256 847 2321 moenia
861 2280 987 2346 pugna.

197 2365 268 2452 lpsa
281 2384 409 2449 gravem
422 2360 501 2425 belli
514 2361 678 2426 fortunam
689 2378 833 2449 experta,
850 2384 983 2426 suorum

194 2468 392 2558 Corporibus
404 2491 499 2556 super
515 2484 548 2532 et
561 2468 703 2533 confusae
721 2470 833 2556 stragis
848 2468 981 2550 acervis,

194 2578 265 2659 Qua
282 2576 409 2665 poterit,
426 2575 549 2663 fugiet:
567 2573 722 2639 victorem
739 2576 854 2640 deinde
873 2578 1046 2664 superbum

193 2682 338 2771 Accipiet
353 2683 487 2770 gremio,
507 2681 688 2747 communis
702 2681 821 2746 foedere
839 2683 924 2748 lecti.

106 2788 168 2854 285
194 2790 249 2852 Va:
267 2788 337 2865 tibi,
355 2813 412 2865 vae,
432 2788 515 2851 male
528 2803 646 2875 nupta,
662 2804 765 2865 tuum,
785 2812 901 2876 sponsa
913 2790 1072 2880 improba,
1088 2814 1222 2880 regnum

193 2898 340 2960 Romano
357 2895 463 2960 trades
475 2893 615 2973 ductori,
634 2910 729 2983 atque
746 2894 855 2959 omnia
872 2898 988 2976 solves,

193 3002 318 3066 lmbelli
332 3001 391 3065 tibi
405 2999 538 3086 segnitie
552 3023 622 3087 quae
637 3000 731 3087 digna
747 3019 909 3087 parantur.

193 3109 276 3172 Hinc
291 3107 394 3172 omnis
410 3106 502 3170 tellus
514 3104 633 3169 validas
646 3104 739 3169 unius
753 3105 894 3171 habenas

190 3216 309 3279 Sentiet
322 3237 421 3302 usque
436 3213 560 3300 nigram
579 3210 619 3273 ad
637 3210 773 3300 Libyam
791 3214 957 3301 uultusque
971 3231 1130 3302 perustos.

102 3346 166 3408 290
189 3323 257 3386 Nec
271 3325 337 3408 jam
351 3337 386 3385 tu
401 3319 507 3400 vidua,
525 3316 671 3381 horribili
689 3317 746 3382 sed
757 3335 856 3407 nupta
874 3319 974 3396 leoni,

100 3484 252 3549 maximeque
269 3482 414 3532 Alexandria
430 3481 539 3531 Romano
559 3478 635 3527 Marte
654 3476 793 3543 imputetur,
812 3488 836 3528 ct
850 3477 959 3527 infaustis
979 3478 1111 3544 Cleopatrae
1129 3477 1222 3544 nuptiis

100 3569 165 3618 hosti
179 3569 287 3618 tradetur
301 3576 352 3616 tota
364 3567 429 3632 regio
442 3581 518 3630 usque
532 3564 557 3613 in
572 3561 674 3626 Libyam
688 3570 712 3610 et
722 3560 880 3631 AEtbiopiam.
894 3591 924 3598 -

135 3707 191 3756 279.
211 3704 286 3754 Codd.
311 3704 373 3769 χειρὶ
392 3705 507 3757 ἔσσεται,
528 3715 572 3764 pro
595 3714 644 3763 quo
677 3697 728 3761 nia,
742 3698 842 3759 lulium,
855 3699 997 3757 Antonium,
1012 3699 1182 3748 Octavianum.

100 3797 145 3831 nos
158 3797 172 3830 e
183 3780 248 3845 conj.
265 3779 376 3845 χιίριστ’,
391 3786 515 3827 contracte
533 3791 577 3840 pro
593 3775 643 3840 χεῖ·
711 3776 768 3824 285.
788 3775 863 3825 Codd.
879 3775 1038 3839 δυσνῦμφηεί
1049 3776 1179 3839 βασιλεῖον,

102 3873 191 3925 prosu,
209 3865 281 3919 atque
295 3854 342 3904 boc
354 3852 432 3919 ipsum
446 3853 527 3902 eolice
539 3866 582 3916 pro
593 3867 643 3915 χει·
711 3854 768 3902 286.
787 3850 854 3900 Finis
871 3866 953 3899 versus
967 3851 992 3899 in
1013 3849 1137 3915 Sibyllinis
1150 3850 1221 3900 valde

102 3933 188 3997 plum,
198 3947 252 3980 nou
265 3945 319 3979 rara
328 3929 394 3995 apud
404 3928 521 3995 Sibyllam
533 3926 642 3984 licentia,
677 3925 798 3990 frequens.

101 4005 327 4057 hictamcndubia.
710 4004 769 4051 287.
785 4000 865 4050 Codex
889 4017 963 4059 unns,
979 4001 1128 4067 ἀνδρεὶῃσιν,
1146 4000 1222 4052 ceteri

134 4083 191 4132 280.
211 4080 286 4131 Codd.
304 4082 410 4144 patetne
678 4076 855 4144 ἀνανδρείῃσιν.

134 4160 193 4208 281.
212 4157 288 4206 Codd.
305 4155 404 4206 lauerat
412 4165 437 4205 et
449 4155 591 4218 κακοεργές.
713 4155 771 4202 288.
791 4151 867 4200 Codd.
884 4151 1037 4215 relnpoata'rv
1051 4152 1089 4200 rel
1101 4153 1222 4217 προκίων,

98 4242 108 4271 '-
136 4235 193 4283 282.
214 4232 288 4282 Codd.
299 4231 371 4290 αὕτη.
381 4231 424 4294 ilgi
434 4229 529 4278 videtur
538 4227 644 4278 deCleo·
678 4238 811 4292 utrumqne
823 4227 874 4275 sine
886 4241 972 4281 sensa.
992 4225 1034 4274 ubi
1048 4242 1092 4275 nos
1110 4226 1223 4276 lacunam

100 4317 172 4374 patra
189 4307 323 4358 Antonium
348 4306 493 4371 excipiente,
515 4320 572 4353 mox
599 4301 644 4368 ipsi
678 4302 836 4368 reliquimus:
850 4311 874 4351 et
886 4301 942 4350 vide
951 4317 983 4350 au
992 4298 1120 4366 προΐεσθαι
1129 4302 1224 4366 placeat

101 4392 209 4449 nuptura
227 4383 288 4432 :scd
303 4392 354 4431 tum
369 4382 434 4431 nulla
456 4380 522 4430 circa
540 4379 645 4428 Alexan·
678 4380 715 4428 rel
729 4379 871 4443 προεθῆναι.

101 4458 180 4509 driam
189 4468 291 4509 eruenta
302 4459 443 4516 certamina,
454 4456 534 4522 qualia
549 4454 593 4503 sub
604 4453 646 4502 Ju-
712 4458 770 4504 290.
791 4452 866 4502 Codd.
879 4451 934 4516 ἔσῃ.
950 4452 977 4501 ln
991 4453 1056 4519 χήρα
1066 4452 1152 4502 ultima
1161 4452 1224 4501 mele

101 4535 135 4587 lio
155 4533 250 4585 fuerant
261 4549 268 4583 :
281 4533 409 4584 conlatndit
427 4547 484 4598 ergo
494 4531 581 4582 Noster
593 4545 645 4580 om·
680 4529 820 4594 corripitur.
