3186 5310
461 422 745 507 SIBYLLlNORUM
766 424 838 487 LIB.
860 421 1139 505 3113523132).
1302 425 1361 488 233

328 556 496 636 Deveniet‚
515 557 612 624 finem
627 559 711 625 saecli
725 575 915 650 tempusque
931 578 1117 648 supremum

327 666 552 751 Proclamans3
574 668 738 757 mortique
751 668 818 734 luet
829 667 924 733 fatale
938 667 1108 750 tributum,

326 772 493 840 Producto
508 775 542 838 in
554 774 699 841 triduum
716 800 844 843 somno.
861 774 945 841 Dein
961 775 1030 866 ipse
1045 773 1168 845 relictis

325 879 477 946 Manibus
493 883 535 948 ad
549 882 655 948 lucem
672 907 832 968 remeans,
848 883 997 973 exempla
1009 881 1132 950 vocatis
1230 934 1232 939 .

237 984 301 1052 3ιὸ
325 986 433 1053 Prima
446 991 631 1079 resurgendi
644 991 766 1057 cunctis
781 991 883 1074 dabit,
896 1008 937 1057 ut
949 1013 1005 1056 sua
1021 988 1160 1080 quisque

325 1098 435 1164 Abluti
447 1100 568 1166 scelera
583 1117 617 1166 et
629 1125 722 1168 sacro
736 1101 778 1167 de
793 1100 884 1168 fonte
900 1099 1022 1182 renati,

325 1206 474 1274 Moribus
493 1207 632 1274 infandis
647 1208 760 1275 muudi
777 1209 896 1276 servire
912 1223 1074 1276 recusent.

323 1313 402 1379 lude
421 1316 485 1382 suis
501 1316 633 1384 demum
652 1317 825 1407 spectanda
842 1316 1007 1385 sodalibus
1024 1340 1092 1403 ora,

323 1423 366 1487 Et
377 1446 519 1507 carnem,
537 1425 640 1515 qualis
659 1425 720 1491 fuit
734 1442 820 1510 ante,
835 1447 1025 1515 manusque,
1040 1424 1215 1517 pedesque,

235 1528 301 1595 3οο
324 1530 544 1623 Ostendetque
559 1533 711 1623 impressa
726 1533 791 1600 suis
803 1533 932 1624 vestigia
948 1532 1105 1599 membris

324 1632 499 1723 Quattuor,
512 1663 658 1724 occasus,
675 1658 776 1720 ortus,
792 1642 1008 1730 boreamque,
1026 1656 1224 1731 notumque:

324 1747 408 1811 Nam
419 1747 555 1813 totidem
570 1747 682 1815 mundi
697 1765 817 1839 partes,
832 1765 882 1815 tot
898 1771 996 1837 regna
1015 1764 1156 1815 cruentae

324 1852 485 1920 Addixere
502 1856 572 1922 neci
587 1872 735 1922 nostrum
749 1855 977 1946 exemplarque
995 1855 1186 1946 ducemque.

367 1960 472 2046 Salve,
490 1979 588 2043 casta,
605 1963 696 2052 Sion,
710 1981 743 2028 et
756 1963 894 2030 multum
908 1987 1001 2053 passa
1016 1963 1138 2053 puella!

234 2063 300 2131 3οὸ
324 2070 406 2134 Ecce
422 2070 510 2135 venit
525 2094 580 2137 rex
595 2071 674 2161 ipse,
691 2072 779 2135 venit
795 2069 867 2155 tibi,
886 2088 996 2137 vectus
1010 2071 1122 2150 asello,

322 2176 468 2241 Prodens
483 2201 517 2242 se
531 2178 653 2244 cunctis
668 2177 868 2256 mitissimus,
883 2193 919 2243 ut
931 2179 1008 2267 juga
1025 2178 1133 2244 demat

323 2282 540 2371 Intoleranda,
561 2285 616 2351 diu
632 2284 808 2350 cervicibus
822 2283 921 2349 indita
940 2285 1073 2367 nostris,

323 2389 523 2479 Injustasque
539 2391 659 2458 adimat
674 2392 770 2481 leges,
789 2390 989 2482 violentaque
1005 2391 1121 2460 vincla.

322 2498 416 2562 Hune
434 2520 571 2588 agnosce
591 2516 701 2583 tuum,
718 2516 831 2564 natum
844 2498 885 2563 de
898 2499 1053 2582 Numine,
1068 2499 1217 2575 Numana

235 2600 301 2667 330
325 2604 488 2671 Laudibus
507 2607 592 2672 hunc
609 2629 739 2685 ornans,
756 2605 835 2671 etin
851 2605 917 2670 imo
935 2623 1067 2695 pectore
1083 2624 1223 2695 gestans,

323 2712 370 2776 Ex
383 2711 555 2803 animoque
568 2713 690 2795 colens,
707 2737 826 2780 nomen
842 2712 891 2779 fer
909 2713 1070 2780 amabile:
1089 2716 1171 2781 ritus

322 2821 435 2907 Abjice
449 2845 547 2901 nunc,
564 2825 694 2912 ejusque
705 2822 738 2887 in
758 2823 912 2912 sanguine
925 2847 1036 2913 merge
1052 2823 1189 2912 priores.

323 2925 355 2991 N
357 2950 400 2991 on
416 2928 512 2993 sacris
527 2929 599 3011 tibi,
617 2952 685 2993 non
699 2927 850 3018 precibus
866 2927 1047 3018 placabitur
1063 2927 1138 3005 ille;

321 3034 391 3099 Nec
405 3034 503 3119 dona,
524 3053 660 3101 aeternus
674 3059 775 3126 quum
789 3035 842 3114 sit,
861 3035 1011 3101 mortalia
1028 3051 1140 3103 curat:

233 3139 298 3206 335
323 3141 386 3207 Sed
402 3142 491 3232 puris
507 3142 602 3209 labiis
616 3143 741 3208 animos
755 3158 871 3208 testata
891 3142 1015 3220 fideles,

230 3340 283 3394 cias
302 3343 395 3401 ὶσὰξιο.
413 3343 499 3394 melius
513 3344 546 3394 ob
561 3352 676 3403 metrum,
690 3343 733 3393 sed
746 3342 777 3392 ad
810 3340 964 3393 Lactantium
984 3339 1021 3390 bis
1040 3339 1158 3406 expressit
1186 3339 1262 3392 latine
1287 3339 1358 3392 dirus

231 3434 329 3470 sensum
342 3421 405 3470 male
419 3435 492 3471 :nam
505 3421 573 3470 locus
586 3429 646 3470 este
660 3417 777 3469 Zacharia
810 3417 967 3484 Augustinus,
980 3425 1065 3465 contra
1079 3412 1192 3482 Quinque
1209 3415 1272 3468 llaer.

231 3495 352 3563 propheta
376 3496 524 3555 notissimus,
540 3512 594 3562 cap.
610 3499 635 3553 9,
649 3511 673 3545 v.
694 3499 719 3560 9,
733 3492 776 3544 ubi
845 3495 902 3544 333.
918 3489 1166 3542 unicoloriter
1185 3509 1231 3558 pro
1252 3493 1339 3545 αὐτόν.

231 3569 423 3639 estiuprmsenti
437 3571 544 3639 ἔρχεται,
555 3571 776 3636 Concedaturergo
845 3572 903 3622 331.
922 3568 972 3618 Καὶ
987 3569 1112 3634 τοῦνομα,
1128 3577 1176 3619 etc.
1189 3568 1240 3619 Clr.
1256 3570 1280 3633 l,
1295 3573 1357 3631 333,

232 3646 331 3715 sibylla
353 3646 428 3697 nimia
450 3663 507 3698 sane
529 3645 644 3711 licentia,
670 3662 724 3713 que
750 3645 776 3695 iu
809 3655 835 3697 et
848 3643 1068 3703 infmvltttta.

231 3724 318 3789 ἐπάγη
327 3733 448 3783 recurret,
458 3723 524 3782 xltt,
538 3725 562 3773 3.
844 3725 900 3774 332.
921 3720 985 3773 Olim
998 3720 1073 3773 λῦσον
1082 3722 1119 3772 vel
1129 3722 1204 3774 λύοον
1215 3737 1222 3773 :
1233 3737 1279 3772 uos
1290 3738 1355 3774 corr.

267 3805 324 3858 82l.
339 3817 375 3868 sq.
391 3801 458 3852 lact.
474 3798 533 3860 Vll,
547 3815 600 3866 cap.
615 3801 658 3861 ts,
674 3798 741 3848 bunc
752 3807 777 3848 et
811 3806 933 3865 praeunte
954 3797 1050 3847 lluetio.
1073 3796 1120 3846 Pro
1142 3798 1200 3854 τοὺς
1222 3801 1360 3867 προτέρους

231 3890 282 3944 th.
296 3877 368 3938 citat,
386 3875 514 3945 praemissis
531 3885 649 3942 tanquam
664 3891 694 3926 ex
707 3890 777 3924 versu
811 3875 868 3924 nori
878 3874 951 3924 codd.
961 3874 1020 3931 τοὺς
1029 3874 1161 3941 πρότερον,
1171 3889 1221 3924 non
1234 3875 1306 3926 male.

232 3955 316 4021 priore
326 3954 407 4005 verbis
416 3954 512 4004 duobus
522 3953 644 4019 ἡμετέρας
658 3952 775 4007 δουλοίος.
844 3953 902 4001 333.
922 3949 997 4001 codd.
1011 3949 1136 4017 plerique,
1150 3950 1180 4000 οὐ
1193 3951 1241 4017 γάρ
1255 3961 1297 4002 σοι
1312 3951 1359 4016 at·

266 4034 322 4083 323.
340 4031 404 4083 Olim
415 4031 523 4095 θεσμοὺς
539 4031 678 4096 ἀθέσμους,
693 4037 777 4078 contra
811 4028 903 4089 Θοιοιν;
917 4025 969 4084 alii,
987 4027 1041 4081 σοῖς
1058 4025 1161 4089 tetrica,
1175 4035 1203 4076 ut
1220 4025 1271 4088 111,
1287 4030 1359 4091 2723

231 4117 337 4160 metrum
348 4124 355 4160 t
366 4109 424 4159 novi
436 4108 508 4159 codd.
519 4115 547 4156 ut
557 4121 610 4156 nos.
810 4103 883 4153 codd.
893 4102 960 4167 novi,
976 4103 1029 4158 σαῖς
1043 4102 1132 4166 alpais.
1147 4100 1274 4153 Sententia
1293 4104 1359 4171 apud

267 4188 325 4236 323.
345 4185 494 4244 Lactantius,
507 4183 628 4233 incertum
640 4197 689 4248 quo
699 4195 778 4231 casus
810 4177 946 4244 Prophetas
958 4176 1080 4244 frequens.

232 4261 303 4313 nobis
315 4261 373 4312 olim
388 4259 573 4329 praetermissus,
591 4258 658 4309 bunc
679 4273 776 4306 emtum
847 4259 903 4306 335.
922 4256 997 4306 Codd.
1017 4257 1087 4321 Θυμῷ
1105 4257 1273 4323 προφέροντος
1291 4254 1356 4308 ἴασιν

232 4335 317 4400 babet,
326 4336 368 4399 lV,
381 4354 434 4404 cap.
445 4341 460 4388 3
472 4353 478 4388 :
492 4336 550 4402 legit
560 4333 774 4386 autemabsdvcdr
809 4332 847 4382 vel
858 4331 918 4393 lact,
935 4340 1023 4399 prater
1036 4347 1112 4382 novos
1124 4332 1205 4388 codd..
1219 4332 1356 4398 quitatum

231 4415 340 4480 γίνωσιι
353 4414 429 4472 θοόν,
449 4423 478 4464 ut
489 4413 585 4478 vulgata
598 4410 681 4461 lerunt
695 4425 777 4460 exem·
809 4423 906 4458 versum
918 4405 989 4457 aliter
1006 4407 1162 4458 constituunt
1179 4427 1187 4459 ι
1206 4409 1257 4459 ἀλλ’
1279 4407 1360 4472 ὕμνονι

232 4491 423 4560 &imputes
437 4505 513 4541 unum
525 4486 714 4539 vetustissimum
730 4487 776 4535 Ar-
810 4483 942 4550 οτομάτων
963 4484 1039 4547 ἁγίων
1066 4483 1123 4552 adst
1147 4483 1359 4551 laapcplpasstc‚

232 4567 388 4622 mauturii
399 4563 549 4630 Parlaismis,
564 4563 609 4616 ubi
628 4561 705 4616 αὐτόν
718 4577 775 4614 cac.
810 4561 877 4612 unde
889 4558 981 4630 partim
992 4567 1076 4612 norm
1086 4558 1169 4611 lectio.
