3186 5310
466 411 748 475 sluttttuoumt
769 413 843 473 ΗΒ.
867 413 929 473 vtt.
1201 415 1255 475 201

232 649 332 713 Nabir
347 649 475 728 humus,
495 653 619 716 nabunt
630 668 769 733 montes,
785 652 898 717 caelum
913 674 1042 741 quoque
1056 653 1167 717 nabit:

171 778 209 817 ro
232 754 348 819 Omnia
362 774 479 844 pontus
494 774 596 835 erunt,
612 758 787 847 perdentur
801 776 833 822 et
848 758 954 822 omnia
968 774 1081 846 ponto.

232 865 275 925 At
289 861 376 926 venti
394 862 544 928 sistentur
559 888 567 928 ι
589 864 633 929 ibi
646 883 720 929 aetas
735 866 834 930 altera
849 882 968 953 surget.

277 970 306 1032 Ο
322 969 472 1059 Phrygia,
491 994 635 1060 emerges
653 995 779 1037 summo
793 973 833 1037 de
847 963 972 1061 gurgite
985 972 1087 1060 prima
1101 999 1108 1036 :

232 1074 280 1137 'l'u
299 1098 426 1164 quoque
439 1076 543 1164 pritna
558 1080 674 1165 Deum,
693 1095 798 1166 spreta
815 1078 945 1167 pietate,
960 1077 1105 1167 negabis

232 1180 360 1270 Quippe
372 1182 443 1247 aliis
461 1183 578 1248 frustra
592 1184 767 1248 simulacris
782 1184 902 1266 dedita,
920 1209 991 1272 quae
1006 1202 1049 1260 te,

173 1285 208 1350 t5
234 1286 359 1365 lnseiirt,
375 1289 528 1376 perdent,
545 1289 652 1354 multis
668 1289 865 1355 vertentibus
881 1291 982 1355 annis.

275 1392 445 1483 AEthiopes
461 1394 579 1468 miseri.
600 1395 679 1460 dura
692 1395 866 1460 infortunia
885 1397 986 1485 passi,

232 1499 401 1565 Caedentur
415 1499 544 1588 gladiis,
558 1525 677 1589 perque
692 1502 797 1567 omnia
815 1504 960 1567 membra
976 1504 1171 1569 tremiscent.

277 1606 385 1670 Mollis
397 1623 431 1670 at
444 1608 615 1695 AEgyptus,
631 1606 718 1672 flavis
735 1632 806 1696 quae
820 1632 947 1698 semper
961 1609 1065 1675 aristis

234 1711 374 1793 Gaudet,
393 1712 481 1801 aquis
496 1712 559 1776 Nili
576 1714 789 1803 septemplicis
804 1714 892 1779 ebria
906 1714 1016 1796 tellus,

169 1843 210 1881 20
235 1819 367 1884 Pessum
384 1820 442 1883 ibit
457 1819 549 1883 bellis
566 1819 723 1898 civilibus,
743 1821 828 1885 unde
844 1844 975 1886 suorum

233 1925 366 1988 Excidet
380 1925 495 1989 invidia
508 1925 618 2015 pulsus
630 1928 695 2010 jam
711 1950 779 1990 nou
791 1926 870 1991 deus
885 1927 974 2016 Apis.

278 2033 349 2096 Heu
363 2032 434 2111 tibi,
451 2030 625 2097 Laodicea!
647 2033 751 2096 Deum
764 2031 880 2096 vidisse
894 2034 1037 2122 negabis,

234 2138 347 2202 Audax
361 2138 512 2201 mentiri:
532 2138 587 2202 sed
602 2155 634 2201 te
651 2140 753 2226 Lycus
771 2139 888 2202 obruet
898 2139 1012 2204 amnis.

278 2351 348 2438 Ipse
366 2350 436 2413 Deo
453 2349 578 2438 genitus
591 2352 677 2414 Deus
690 2350 764 2414 edet
780 2349 913 2438 plurima
930 2352 1036 2439 signa3

168 2456 209 2519 25
234 2456 305 2543 Ipse
322 2479 413 2520 axem
428 2455 535 2520 medio
550 2457 722 2545 suspendet
737 2456 769 2520 in
787 2458 917 2533 aethere,
935 2482 1068 2548 magnus

234 2562 329 2626 Unde
343 2562 440 2626 timor
453 2562 561 2651 generi
578 2562 731 2640 humano,
749 2586 846 2651 quum
860 2580 944 2629 stare
958 2564 1112 2631 videbunt

232 2668 407 2732 Ardentem
423 2669 525 2732 multo
540 2667 691 2734 divinitus
705 2667 777 2755 igue
792 2669 992 2749 columnam,

232 2774 411 2841 stillantem
427 2774 539 2839 calidis
556 2775 588 2838 iu
605 2792 704 2839 terras
720 2775 831 2840 funera
845 2777 954 2862 guttis.

233 2881 316 2945 Nam
334 2881 512 2946 communis
527 2880 588 2946 erit
603 2882 702 2947 semel
719 2884 868 2947 omnibus
885 2883 963 2947 bora
978 2911 985 2948 :
1002 2885 1174 2974 volentque

165 2986 207 3050 30
231 2989 314 3050 Tum
332 2988 456 3078 placare
477 2988 600 3063 Deum3
615 2987 672 3053 sed
689 3011 754 3052 non
771 3012 870 3077 pausa
889 2990 951 3053 ulla
966 2991 1119 3071 dolendi,

236 3093 412 3182 Compierit
426 3093 503 3158 dum
522 3111 636 3158 cuncta
651 3094 767 3159 domus
784 3094 957 3160 Dauidica:
976 3120 1113 3184 namque

234 3199 318 3265 Huic
334 3199 421 3264 Deus
437 3199 547 3266 aeterni
561 3199 633 3264 solii
651 3199 809 3265 concessit
824 3199 1000 3276 honorem3

234 3306 301 3369 Sub
318 3305 517 3395 pedibusque
534 3305 623 3370 dedit
637 3306 747 3393 genios
761 3305 902 3370 dormire
915 3323 1075 3396 potentes,

232 3412 296 3494 Qui
313 3410 521 3500 dammasque
533 3413 632 3499 rogis,
647 3429 679 3476 et
693 3413 746 3501 qui
758 3412 835 3477 dant
851 3413 999 3479 amnibus
1018 3414 1129 3498 undas,
1197 3419 1201 3432 '

166 3518 207 3584 35
233 3518 360 3607 Quique
372 3520 470 3583 urbes
485 3536 623 3597 servant,
644 3535 677 3583 et
688 3517 742 3608 qui
753 3542 831 3608 vaga
848 3515 976 3584 flamina
994 3520 1136 3588 mittunt.

144 3705 175 3715 -
190 3679 233 3738 ²4,
245 3693 298 3743 sqq.
315 3676 428 3743 [Lacuna
440 3678 561 3728 incertum
575 3686 665 3741 quauta
680 3677 717 3726 tel
729 3676 789 3742 quid
804 3678 950 3745 occultans]
966 3677 1049 3731 Faciet
1064 3679 1116 3731 bec
1131 3680 1175 3748 qui
1187 3682 1265 3736 muln

142 3760 253 3811 editurus
271 3771 306 3812 est
319 3761 443 3828 prodigia,
456 3762 520 3812 Deus
533 3778 646 3828 magnus,
659 3761 704 3812 uei
718 3761 791 3826 filius,
805 3762 872 3829 eujus
885 3763 1048 3830 adjudicium
1064 3765 1184 3817 venientis
1198 3767 1265 3834 signa

143 3846 358 3913 predicuutur.-

142 3993 188 4027 nos
204 3975 399 4026 monstrauimus.
422 3975 455 4024 De
472 3984 574 4041 utreque
588 3991 688 4040 genera-
722 3991 786 4025 eorr.
803 3975 894 4026 Deinde
902 3992 949 4042 pro
958 3977 1041 4029 Ινθαδι
1056 3978 1158 4030 velimus
1167 3978 1226 4033 ἔνθα
1236 3999 1265 4048 γι

142 4053 211 4104 tione
223 4050 329 4108 Christi,
342 4050 386 4100 cir.
402 4048 444 4114 vt,
461 4055 485 4109 3,
499 4059 524 4100 et
543 4050 623 4109 inira,
642 4054 684 4106 39.
720 4050 778 4116 legi,
789 4051 980 4102 relativosensu.

142 4138 168 4180 et
180 4127 237 4177 ride
247 4137 300 4178 not.
316 4125 417 4178 Codices
426 4125 506 4175 influe
516 4142 606 4185 versut,
615 4125 687 4193 ἄστρ’
753 4131 794 4176 31.
811 4126 860 4176 Cb.
870 4126 914 4186 vt,
930 4130 971 4178 ll.

143 4201 331 4262 δςπολλάειιοε
340 4217 403 4251 corr.
753 4205 793 4253 32.
812 4201 1090 4271 Cfr.Vl,2,etsupra‚
1105 4207 1147 4257 29.

177 4281 218 4329 23.
236 4276 338 4328 Videtur
351 4276 452 4327 binead
471 4275 615 4344 Hesychium
632 4292 684 4343 per·
721 4328 727 4342 ,
753 4280 795 4328 33.
814 4276 944 4327 uocauit
958 4279 1064 4346 baepro
1078 4282 1146 4331 brai.

131 4352 255 4405 mine:
271 4353 398 4411 Δηλήσας,
412 4352 511 4415 καμὼν,
524 4352 688 4417 daupeinim·
754 4355 795 4403 at.
815 4353 890 4402 Godd.
914 4369 997 4404 omnes
1023 4357 1109 4422 πυράς,
1130 4380 1143 4399 α
1156 4374 1225 4424 rogos
1237 4380 1263 4422 n,

142 4446 192 4488 vec
207 4430 248 4480 Bt
260 4427 326 4478 enim
338 4429 425 4492 καμών
441 4443 562 4492 neograeee
574 4429 688 4487 ποιήσας.
720 4444 807 4494 nempe
821 4445 866 4495 pro
879 4427 983 4494 ignibus.
998 4429 1060 4482 Uale
1072 4431 1131 4482 olim
1144 4434 1211 4486 bunc
1228 4435 1264 4486 lo·

177 4507 219 4557 23.
238 4504 315 4555 Codd.
338 4502 421 4559 κοινὸς
442 4501 500 4559 ἄναξ
521 4503 609 4569 χρόνος
624 4518 629 4553 :
644 4519 689 4554 nos
720 4520 777 4554 eum
792 4513 989 4556 tractaveramus.
