3186 5310
515 445 797 508 SlBYLLlNORUlll
818 443 891 506 LlB.
912 443 989 516 VIII,
1012 442 1032 524 ξ
1053 447 1081 505 l.
1298 447 1357 507 219

325 579 497 645 Thesauris
511 580 620 645 Asiam
642 581 729 645 dives
742 579 916 669 locupletet
928 578 1059 668 apertis.

369 689 410 751 Et
422 705 498 752 tunc
511 688 582 754 luce
595 704 649 754 tua
662 686 754 752 flebis
769 686 903 777 spoliata
915 703 1060 775 repente,

326 796 490 883 Lugubres
505 795 616 861 induta
630 794 743 885 peplos
755 817 816 883 pro
832 794 955 859 murice
964 817 1089 883 regum,

258 901 298 988 75
323 902 473 990 Oregina
491 896 594 988 feroti,
609 926 628 967 ο
644 905 755 967 Romae
768 924 881 992 magna
893 899 1012 966 Latinae

322 1009 400 1074 Filia
415 1039 423 1075 ι
438 1036 504 1076 non
519 1028 574 1076 tua
581 1014 649 1097 jam
665 1007 806 1099 turgebit
820 1007 923 1100 gloria
937 1007 1032 1087 fastu,
1235 1090 1240 1099 π

322 1119 364 1181 Et
381 1136 540 1208 prostrata
555 1118 667 1198 semel,
685 1141 862 1207 nunquam,
883 1142 903 1181 o
921 1115 1113 1198 miseranda,
1132 1141 1290 1207 resurges.

322 1225 407 1290 Nam
422 1226 537 1291 vexilla
549 1224 664 1291 cadent
680 1225 857 1314 legionum,
875 1223 1051 1315 aquilaeque
1064 1227 1223 1316 superbae.

308 1333 397 1415 Quo
410 1332 468 1397 tibi
488 1350 557 1398 tum
577 1334 683 1398 vires?
701 1355 773 1422 quae
793 1349 825 1397 te
843 1331 940 1396 armis
959 1347 1042 1396 terra
1059 1323 1197 1418 juvabit,

257 1440 299 1504 80
323 1440 451 1527 injustis
467 1464 525 1529 per
543 1458 575 1506 te
591 1439 730 1506 dominis
747 1438 865 1505 servire
880 1440 1015 1504 coacta?

321 1547 405 1612 Nam
420 1572 520 1636 genus
533 1572 629 1612 omne
642 1547 810 1612 hominum
823 1546 1009 1612 turbabitur
1023 1545 1166 1636 undique
1178 1547 1282 1624 terris,

322 1655 432 1737 Quum
448 1679 505 1719 rex
519 1655 724 1746 omnipotens
741 1653 861 1736 veniet,
877 1654 1023 1745 solioque
1035 1653 1178 1739 sedebit,

321 1763 366 1826 Ut
380 1761 469 1827 vivos
484 1763 689 1852 functusque,
705 1779 738 1827 et
750 1778 855 1827 totum
866 1761 989 1849 judicet
1006 1763 1133 1828 orbem.

320 1870 389 1934 Nec
402 1870 547 1959 patribus
562 1870 643 1951 nati,
658 1893 718 1936 nec
730 1869 813 1935 natis
827 1869 890 1935 fida
906 1885 1055 1960 parentes

255 1976 296 2043 85
321 1976 427 2042 Corda
441 1993 566 2065 gerent,
582 2001 683 2067 quum
699 1975 730 2042 vi
742 1977 848 2042 subita
860 2001 938 2065 gens
949 1976 1048 2067 impia
1060 1976 1184 2041 cladem

321 2083 454 2150 Sentiet.
476 2086 583 2174 Atque
602 2084 647 2149 ibi
665 2102 733 2149 tum
747 2083 898 2173 gemitus,
914 2082 1084 2174 dispersio,
1098 2083 1213 2165 caedes,

322 2190 450 2280 Oppida
469 2214 569 2280 quum
586 2191 744 2256 labefacta
763 2208 858 2256 ruent
870 2207 902 2256 et
917 2208 1002 2256 terra
1015 2189 1169 2257 dehiscet.

365 2300 474 2380 Quum
490 2296 598 2363 veniet
612 2315 713 2388 ponto
728 2297 817 2363 velut
836 2297 929 2386 ignea
945 2297 1049 2363 forma
1061 2296 1223 2385 draconis,

320 2406 456 2471 Gestans
472 2404 597 2494 agmina
611 2421 737 2486 ventre,
757 2421 895 2494 tuosque
912 2401 1010 2468 elidet
1023 2404 1189 2490 alumnos;

251 2532 296 2598 90
319 2512 496 2602 Quumque
514 2511 614 2577 fames
635 2510 751 2593 aderit,
769 2510 862 2574 simul
881 2526 914 2574 et
929 2508 1030 2575 civilia
1050 2510 1153 2587 bella3

215 2677 216 2683 ,
325 2619 394 2683 lam
409 2618 481 2683 finis
499 2618 623 2698 mundi,
635 2623 701 2706 jam
715 2617 771 2683 lux
788 2633 930 2682 extrema
945 2633 1089 2707 paratur,

318 2725 334 2788 J
338 2724 544 2816 udiciumque
562 2727 621 2792 Dei
633 2724 728 2814 justis
743 2726 924 2814 sanctisque
942 2724 1148 2815 propinquat.

364 2831 426 2896 Sed
444 2833 533 2921 prius
547 2832 714 2898 incumbet
728 2856 794 2897 non
808 2830 989 2896 eluctabilis
1008 2831 1054 2895 ira

321 2938 515 3018 Romulidis,
534 2941 720 3029 miseraeque
735 2940 833 3018 vices,
850 2957 1040 3029 tempusque
1057 2956 1236 3006 cruentum.

253 3044 296 3132 95
321 3044 376 3109 Vae
395 3046 466 3124 tibi,
482 3071 540 3129 vae,
557 3064 643 3111 terra
659 3048 768 3125 Italiae,
787 3070 865 3136 gens
879 3047 1017 3110 barbara
1038 3062 1071 3110 et
1085 3045 1215 3138 iugens!

321 3153 352 3217 N
354 3177 396 3217 on
411 3170 446 3218 tu
461 3154 625 3242 sperabaS,
644 3177 745 3243 quum
760 3157 846 3219 nuda
860 3171 893 3217 et
906 3151 991 3216 foeda
1005 3152 1132 3218 venires

322 3259 372 3327 Ad
387 3260 490 3325 solem
505 3285 522 3326 e
542 3262 697 3339 tenebris,
713 3262 833 3327 nudam
849 3277 880 3324 te
894 3282 1004 3324 rursus
1022 3258 1136 3324 eodem

320 3369 486 3448 Casuram,
505 3386 538 3434 et
556 3369 629 3434 saevi
645 3369 824 3434 subituram
836 3368 954 3457 judicis
973 3367 1055 3446 iras3

321 3475 377 3559 Ut,
397 3498 495 3564 quum
512 3477 585 3561 jura
603 3476 676 3540 orbi
694 3475 822 3541 dederis
839 3475 921 3540 male
952 3525 1157 3545 ......

235 3603 298 3645 too
321 3582 427 3646 Strata
442 3581 600 3670 giganteis
616 3583 766 3664 manibuq
782 3600 815 3648 tu
833 3583 899 3647 sola
917 3607 975 3673 per
989 3583 1115 3663 orbem,

323 3688 462 3779 Delapsa
477 3714 514 3755 ex
533 3691 612 3776 alto,
627 3691 724 3781 degas
741 3692 855 3758 tellure
873 3693 933 3757 sub
949 3692 1024 3780 ima,

232 3889 390 3941 acuminum
405 3892 466 3943 mari
486 3895 587 3960 trajecto
597 3895 718 3947 adveniet.
729 3924 760 3933 -
769 3897 809 3958 tt,
828 3911 881 3961 sqq.
897 3894 980 3946 Rome
994 3896 1073 3963 prima
1083 3897 1208 3949 incumbet
1222 3899 1294 3960 ultio,
1308 3916 1361 3967 quae

232 3989 309 4040 quum
325 3977 392 4027 nuda
403 3977 430 4027 in
445 3978 531 4029 orbem
545 3981 652 4048 venerit2
663 3982 728 4031 nuda
749 3982 775 4031 iu
794 3980 884 4032 Orcum
900 3982 1054 4034 detrudetur.
1069 4011 1099 4019 -

267 4129 310 4177 at.
327 4128 522 4197 Clr‚supra,2ss.
685 4167 692 4182 t
849 4137 890 4184 95.
910 4134 1174 4199 Codd.itupti:eorr.
1191 4133 1248 4202 Ops.
1286 4194 1288 4199 Ι

267 4203 311 4265 88,
322 4219 375 4269 sqq.
387 4205 436 4256 Cir.
448 4206 548 4273 Apocal.
566 4210 605 4270 12,
619 4225 679 4275 sqq..
695 4218 721 4260 et
728 4219 780 4260 not.
848 4213 891 4261 99.
909 4210 986 4260 Codd.
1003 4210 1115 4277 plerique
1133 4220 1161 4261 ut
1181 4226 1238 4273 nos;
1256 4209 1308 4272 ulii,
1328 4215 1363 4272 ὡς

267 4278 308 4328 89.
327 4277 403 4331 Codd.
421 4282 578 4346 θρέψειιιιοε
593 4301 656 4335 corr.
815 4287 906 4342 ἀδίκως
931 4287 1054 4352 κρίνουσά
1081 4303 1108 4336 τε
1129 4287 1199 4353 χερσὶ
1220 4289 1362 4350 γιγαντίησι

267 4355 308 4404 90.
328 4353 368 4404 An
380 4357 466 4408 melius
475 4361 616 4424 ἑμφύλουὲ,
813 4363 850 4411 vel
861 4363 1023 4425 γιγαντείησι,
1038 4361 1127 4428 rejecta
1145 4362 1232 4411 lacuna
1241 4363 1273 4412 ad
1281 4379 1362 4415 venui

267 4431 308 4481 93.
329 4428 372 4481 llel
385 4433 517 4498 Ῥωμαίοις
534 4437 672 4503 legendum,
683 4437 721 4487 vel
737 4437 779 4504 χό-
818 4454 869 4503 seq.
886 4436 992 4488 initium.
1003 4437 1067 4488 Addi
1081 4446 1136 4504 post
1150 4438 1271 4503 κρίνουσα
1281 4450 1361 4505 postet

232 4504 609 4572 luepussivetumeudumdeira
616 4512 780 4564 Deiadversm
814 4513 906 4579 κράτος
928 4531 974 4581 περ
989 4512 1074 4581 ἔχονο·
1088 4514 1227 4580 ἀμάχητον,
1252 4529 1294 4566 teu
1312 4516 1360 4568 tale

232 4577 486 4638 mendene.
814 4587 887 4653 quid.
