3186 5310
227 425 285 486 ιιι
556 427 809 523 Σιυιιιιιιιυυ
832 427 957 487 ιυιοε
975 399 1013 486 ο.

332 548 378 637 Θν
393 575 503 640 παύσει
514 560 625 667 Ῥώμης
648 575 788 659 βασιλεὺς
807 566 931 667 δυσμῶν
952 600 986 640 τε
1007 565 1172 641 δυνάσται.

387 681 533 773 Χειμερίη
548 683 666 748 ὁπόταν
684 685 754 773 ῥιπὴ
774 676 872 775 στάξῃ
888 670 1051 773 χιονόδης,

334 787 535 880 Πηγνυμένου
555 787 690 881 μεγαλου
708 798 853 881 ποταμοῦ
873 794 987 880 λιμνῶν
1005 812 1038 853 τε
1054 783 1225 878 μεγίστων,

228 892 293 973 465
332 894 429 971 Εὐθὺς
448 887 603 987 βάρόαρος
623 894 714 986 ὄχλος
729 897 759 974 ἐς
778 882 900 962 Ᾱσσίδα
918 901 1008 989 γαῖαν
1027 883 1155 975 όδεύσει,

335 998 399 1066 Καὶ
418 1004 548 1090 Θρᾳκῶν
569 1004 666 1068 ὀλέσει
683 991 781 1067 δεινὸν
803 1003 900 1094 γένος,
922 1007 961 1078 ὡς
982 991 1174 1067 ἀλαπαδνόν.

338 1104 400 1171 Καὶ
416 1106 490 1173 τότε
505 1101 670 1200 θυμούόροι
685 1109 812 1197 μέροπες
826 1099 993 1174 κατέδουσι
1014 1113 1138 1200 γονῆας,

334 1215 425 1304 Λιμῷ
444 1213 622 1306 τειρόμενοι,
636 1212 688 1279 καὶ
705 1205 863 1302 ἐδέσματα
878 1213 1116 1304 λαιράσσονται.

335 1319 467 1385 Πάντων
483 1311 512 1385 δ’
526 1322 560 1386 ἐκ
574 1320 729 1411 μελάθρων
749 1318 834 1412 θῆρες
850 1311 1016 1386 κατέδουσι
1030 1312 1196 1409 τράπεζαν,

229 1431 296 1516 470
335 1425 435 1491 Αύτοί
449 1430 488 1510 τ’,
504 1425 603 1493 οἰωνοί
618 1452 653 1493 τε
675 1427 802 1517 βροτούς
819 1417 999 1492 κατέδουσιν
1016 1424 1166 1501 ἅπαντας.

334 1517 470 1609 Ωκεανός
486 1557 519 1598 τε
540 1544 642 1597 κακῶν
658 1531 870 1606 πλησθήσεται
886 1535 919 1598 ἐκ
942 1539 1096 1622 ποταμοῖο

336 1636 516 1729 Αίματόεις,
530 1637 646 1731 σάρκας
662 1663 693 1703 τε
712 1640 764 1705 καὶ
783 1640 900 1731 αἵματα
916 1646 976 1704 τῶν
997 1640 1156 1712 ἀνοήτων*

338 1737 403 1810 Εἶθ’
418 1744 714 1838 ούτως“ο“λιγκπελίη
735 1745 836 1811 ἔσεται
854 1743 937 1811 κατὰ
958 1750 1062 1837 γαῖαν,

335 1833 423 1917 ίδστε
435 1856 511 1916 νοεῖν
527 1842 645 1944 ἀνδρῶν
661 1856 690 1917 τ’
707 1851 845 1943 ἀριθμὸν,
860 1851 979 1942 μέτρον
986 1875 1019 1916 τε
1034 1858 1194 1944 γυναικῶν.

231 1956 296 2046 475
391 1955 495 2049 Μυρία
512 1947 542 2022 δ’
559 1952 681 2050 οἰμώξει
702 1948 783 2030 δεινὴ
798 1960 883 2051 γενεὴ
899 1953 982 2023 κατὰ
996 1957 1095 2049 τέρμα

339 2048 448 2131 Ηελίου
468 2054 623 2146 δύνοντος,
638 2065 675 2129 ἶν’
693 2065 808 2155 έμπαλι
824 2054 934 2156 μηκέτ’
952 2063 1074 2157 ἀνέλθῃ,

337 2156 477 2238 Ωκεανοῦ
497 2170 598 2260 μείνας
612 2171 648 2234 ἵν’
666 2174 712 2263 ἐφ’
730 2163 822 2236 ύδασι
841 2169 1041 2254 βαπτισθείη·

339 2280 466 2343 Πολλῶν
485 2274 544 2371 γὰρ
564 2275 703 2368 μερόπων
719 2267 797 2342 εἶδεν
812 2277 990 2354 κακότητας
1009 2276 1167 2370 άνάγνους.

338 2362 439 2448 ἐσται
459 2374 494 2449 δέ
509 2386 701 2473 σκυτόμαινα
716 2386 783 2475 περὶ
802 2385 896 2477 μέγαν
917 2383 1041 2474 οὐρανὸν
1061 2385 1170 2464 αὐτὸν,
1225 2438 1230 2447 s

232 2489 299 2570 480
341 2477 444 2579 Ᾰχλὺς
460 2481 488 2555 δ’
503 2492 559 2555 οὐκ
575 2487 662 2584 ὀλίγη
680 2489 796 2581 κόσμου
813 2491 935 2580 πτύχας
958 2484 1173 2581 ἀμφικαλύψει.

338 2596 480 2686 Δεύτερον
497 2593 592 2687 αὐτὰρ
611 2596 719 2661 ἔπειτα
738 2596 819 2661 Θεοῦ
838 2597 914 2683 ράος
931 2599 1123 2689 ἡγεμονεύσει

339 2690 479 2791 Ᾰνδράσι
494 2707 557 2778 τοῖς
577 2700 749 2796 ἀγαθοῖσιν,
771 2703 838 2767 ὅσοι
858 2702 935 2768 Θεὸν
955 2693 1136 2791 ἐξύμνησαν.

394 2789 452 2891 Ῑσι,
471 2805 525 2873 θεὰ
540 2807 733 2897 τριτάλαινα,
752 2813 847 2897 μενεῖς
867 2797 895 2871 δ’
910 2807 960 2873 ἐπὶ
975 2810 1106 2899 χεύμασι
1119 2805 1231 2876 Νείλου

338 2913 459 2996 Μούνη,
481 2911 590 3004 μαινὰς
605 2910 752 2992 ἄτακτος,
772 2912 822 2979 ἐπὶ
842 2911 994 3005 ψαμάθοις
1011 2902 1196 3005 Ᾱχέροντυς,

232 3019 297 3101 485
342 3022 474 3087 Κούκέτι
490 3046 543 3086 σου
562 3019 649 3108 μνεία
663 3045 698 3112 γε
715 3025 798 3111 μενεῖ
814 3019 897 3087 κατὰ
917 3027 1007 3113 γαῖαν
1031 3019 1163 3086 άπασαν.

340 3127 404 3194 Καὶ
429 3128 478 3216 σὺ,
496 3130 623 3218 Σέραπι,
642 3126 738 3202 λίθοις
754 3125 932 3218 ἐπικείμενε,
952 3123 1055 3193 πολλά
1074 3131 1234 3220 μογόσεις·

291 3312 294 3316 Α
339 3232 434 3328 ΚείσηΙ
454 3241 571 3326 πτῶμα
587 3237 730 3327 μέγιστον
747 3235 775 3297 έν
800 3231 950 3326 Αἰγύπτῳ
969 3234 1160 3324 τριταλαίνιρ.

338 3321 437 3407 Θσσοι
456 3334 484 3406 δ’
499 3340 660 3434 Αἰγύπτου
679 3340 771 3406 πόθον
793 3339 909 3432 ἤγαγον
929 3338 970 3416 είς
989 3339 1035 3423 σὲ,
1056 3339 1190 3417 ἅπαντες

340 3446 534 3512 Κλαύσονταί
553 3471 586 3511 σε
608 3453 729 3522 κακῶς·
748 3455 817 3511 νοῦν
835 3430 898 3539 [δ’]
915 3440 1043 3537 άρθιτον
1059 3447 1090 3510 ίν
1107 3444 1192 3539 φρεσὶ
1205 3444 1323 3530 θέντες,

231 3559 297 3644 490
339 3550 516 3618 Γνῶσονταί
532 3576 566 3618 σε
586 3552 622 3617 τὸ
642 3542 751 3638 μηδὲν,
771 3555 838 3630 όσοι
854 3552 932 3617 Θεὸν
953 3544 1003 3629 ἐξύ
1027 3576 1134 3625 νησαν.

392 3658 458 3723 Καί
469 3682 515 3735 τις
532 3661 594 3747 έρεῖ
605 3664 666 3723 τῶν
688 3656 787 3749 ἱερέων
806 3578 1027 3752 [λινόστολοςθ
1034 3659 1121 3749 ἀνὴρ,

231 3901 261 3911 -
272 3875 330 3936 433,
341 3887 393 3939 sqq.
404 3872 484 3935 Quum
496 3871 566 3922 Nilus
575 3871 651 3938 glacie
661 3871 749 3937 rigebit
761 3871 869 3937 [mirum
882 3887 950 3935 ειιιιε,
960 3873 1002 3922 τοῦ
1016 3873 1072 3923 vide
1081 3874 1148 3939 not.]
1155 3911 1163 3935 ,
1179 3873 1222 3924 fiet
1233 3873 1355 3925 bubum-

229 3973 285 4008 mm
297 3957 342 4023 [nn
361 3956 544 4025 Scytharum]
558 3955 582 4006 in
599 3954 679 4006 Asiam
694 3964 720 4006 ει
738 3955 866 4006 Thracium
884 3955 998 4024 irruptio.
1011 3986 1042 3995 -
1061 3960 1119 4021 445,
1135 3974 1188 4024 sqq.
1212 3956 1263 4008 Sub
1276 3958 1356 4012 finem

228 4040 286 4093 εοΙίι
298 4042 376 4108 [υοα,
393 4050 421 4092 ut
434 4057 518 4110 ιυρτι,
533 4043 591 4104 360,
604 4038 650 4090 sub
659 4038 733 4090 finem
745 4040 836 4108 1υιιεε],
850 4041 909 4092 fient
926 4042 1032 4093 tenebra
1046 4058 1089 4111 ρετ
1101 4041 1186 4093 orbem
1199 4042 1354 4112 universum,

263 4218 320 4267 433.
340 4214 438 4281 Aliquid
450 4213 684 4282 simile,quanquam
695 4212 722 4263 iu
736 4212 774 4263 ‹li-
841 4218 898 4268 476.
919 4218 1017 4268 Ἠελίου
1026 4217 1091 4267 κατὰ
1104 4217 1193 4282 τέρμα,
1206 4215 1355 4283 ιίσυιευρτι

228 4305 296 4341 vem
309 4307 346 4349 τε,
356 4306 438 4358 supra,
451 4292 509 4342 22³.
804 4293 870 4342 κατὰ
883 4293 962 4359 τέρμα
980 4294 1091 4350 σελήνης,
1107 4307 1167 4356 quos
1179 4291 1244 4340 locos
1257 4293 1353 4346 confer.

263 4367 320 4417 473.
341 4365 419 4417 Godd.
438 4368 507 4429 ὀλίγη
519 4367 603 4425 ποελίη
618 4382 624 4416 :
640 4380 684 4414 ιιοε
698 4379 773 4420 corr..
839 4370 896 4418 482.
918 4371 996 4418 Ὅσοι
1010 4368 1039 4415 θ.
1054 4365 1191 4428 έξύμνησαν
1210 4366 1272 4416 ιεῐτ.
1286 4368 1355 4420 infra

229 4439 282 4489 viro
295 4436 376 4491 ιεοιεα
389 4442 495 4508 quodam
512 4442 585 4492 docto
595 4449 734 4508 prmunte:
749 4447 775 4489 et
808 4443 855 4491 490
868 4452 894 4492 et
908 4446 965 4494 493.

190 4569 192 4575 ,
230 4514 285 4566 νίόε
298 4514 353 4577 vn,
365 4519 407 4568 33.
841 4519 899 4578 433,
908 4533 962 4584 sqq.
975 4516 1011 4568 Be
1022 4513 1091 4566 Isidis
1098 4515 1199 4582 templo,
1210 4518 1255 4569 εέε.
1268 4535 1354 4588 supra,
