3186 5310
342 445 417 494 xvui
551 511 552 514 Ἴ
792 429 1005 492 PRAEFATIO.
1079 454 1083 463 ·

344 594 358 620 «
378 559 626 650 [Antichristus]
645 560 705 625 tria
721 583 760 627 ex
777 560 889 627 decem
911 585 1045 642 cornua,
1071 583 1172 651 eaque
1198 560 1351 627 radicitus
1371 561 1458 626 exci-
1486 645 1488 649 ,

344 701 359 727 α
376 666 501 736 derit...
517 699 529 725 ν
545 665 617 732 Sint
631 662 728 754 igitur
739 667 834 734 nobis
848 692 921 734 cum
934 668 1111 759 Hippolyto
1124 667 1235 734 decem
1247 667 1291 733 illi
1304 671 1456 753 Caesares,

341 776 376 842 hi
396 799 474 842 vero
493 792 558 841 tres
576 774 742 855 Antonini,
763 792 859 865 atque
877 777 919 842 ita
935 778 998 843 boc
1016 799 1129 843 versu:

370 967 374 973 ι
429 886 603 973 Purpureae
629 882 729 972 prolis
758 883 891 949 ferietur
916 884 1052 950 Martius
1075 900 1200 966 auctor,

320 999 322 1002 ⁴
342 992 523 1057 Antoninus
538 989 606 1080 ipse
624 989 699 1056 Pius
717 987 947 1080 designabitur,
965 989 1104 1081 pacificis
1126 989 1201 1055 licet
1218 1012 1314 1080 quam
1337 988 1460 1055 bellicis

343 1098 451 1164 notior
474 1096 597 1163 artibus
619 1096 690 1185 (sed
713 1120 786 1162 cum
804 1097 938 1187 poeticis
955 1096 1104 1188 epithetis
1120 1096 1248 1162 minime
1265 1113 1316 1162 est
1335 1097 1457 1162 calum·

343 1203 508 1283 niandum,
532 1222 565 1268 et
584 1202 653 1294 ipse
676 1204 800 1290 juvenis
825 1204 911 1269 bello
932 1228 1061 1296 quoque
1085 1203 1299 1293 inclaruerat).
1325 1204 1459 1269 Occidet

343 1327 452 1378 autem
466 1336 526 1403 per
551 1336 638 1396 suos,
660 1330 695 1379 ut
714 1314 836 1403 Sibylla
854 1314 1010 1404 praedicit,
1028 1298 1198 1403 adoptivos
1216 1310 1325 1380 filios:

431 1424 556 1514 Perque
571 1446 657 1502 snos,
675 1446 730 1489 sua
748 1446 828 1513 quos
841 1423 873 1488 in
888 1447 986 1514 regna
1000 1425 1134 1503 vocarit,
1153 1424 1300 1489 alumnos

432 1531 567 1598 Occidet
580 1552 591 1595 ι·
603 1530 757 1596 adustum
769 1530 917 1619 regnabit
931 1529 1069 1620 denique
1082 1554 1194 1596 cornu.

342 1638 393 1706 Ne
404 1637 590 1727 indigneris,
605 1660 709 1727 neque
723 1638 963 1705 Antoninorum
984 1661 1078 1703 causa
1100 1637 1263 1718 reclames,
1282 1636 1322 1701 de
1344 1635 1460 1725 quibus

343 1761 417 1812 ante
434 1763 582 1811 eventum
597 1744 703 1835 potuit
716 1762 803 1811 vates
818 1745 926 1811 omnia
944 1768 1014 1834 quae
1027 1745 1139 1823 voluit,
1150 1742 1316 1835 imaginari
1334 1766 1343 1806 ι
1360 1740 1462 1807 voluit

343 1870 451 1919 autem
467 1852 536 1919 dira
550 1869 645 1941 atque
670 1851 814 1917 enormia
836 1869 969 1943 propter
991 1852 1122 1918 insitum
1137 1851 1287 1918 adversus
1304 1848 1460 1916 Hadriani

344 1961 478 2051 stirpem
502 1959 629 2043 odium3
655 1982 714 2025 uec
739 1983 813 2025 sane
831 1965 942 2049 pejora
964 1984 1060 2050 quam
1082 1983 1153 2050 quae
1177 1958 1386 2049 praedicturus
1410 1971 1459 2022 est

344 2069 504 2160 Sibyllista
528 2067 593 2133 sive
613 2066 692 2134 alius
710 2091 767 2134 seu
788 2067 895 2158 potius
917 2068 1001 2134 idem
1023 2067 1107 2134 libro
1134 2092 1210 2133 mox
1233 2083 1396 2144 secuturo,
1418 2064 1462 2144 V,

347 2198 424 2259 rao,
446 2197 532 2266 sqq,
549 2173 738 2241 Antichristi
753 2173 795 2241 de
813 2174 984 2255 Antoninis
1000 2175 1142 2242 referens
1155 2174 1322 2241 victoriam
1340 2202 1348 2239 ι

432 2284 480 2349 Ac
496 2282 647 2372 primum,
662 2282 777 2371 triplex
788 2299 885 2371 caput
898 2283 940 2347 ab
956 2281 1120 2348 radicibus
1136 2281 1209 2348 imis

394 2467 395 2470 Ἴ
433 2389 528 2456 Falce
543 2406 677 2468 metens,
696 2389 765 2454 aliis
775 2390 859 2454 hanc
872 2389 1016 2479 porriget
1029 2390 1147 2480 impius
1162 2411 1280 2469 escam,

434 2499 480 2563 Ut
494 2520 604 2562 carnes
621 2495 782 2564 horrenda
796 2514 910 2563 vorent
924 2497 1074 2564 alimenta
1090 2515 1241 2589 paternas

436 2601 558 2694 Impuri
569 2628 673 2695 reges.

346 2710 446 2780 Vides
462 2710 533 2778 illos
556 2735 647 2800 reges
662 2713 728 2778 sive
750 2712 958 2804 imperatores
983 2711 1120 2779 invicem
1143 2738 1177 2780 se
1194 2737 1261 2780 non
1281 2694 1463 2780 occidentes

346 2820 458 2902 modo,
479 2820 537 2886 sed
551 2819 768 2904 comedentes,
784 2837 908 2911 patrem
927 2819 1031 2910 ipsum
1054 2844 1072 2885 a
1089 2820 1197 2887 liberis
1216 2820 1411 2910 discerptum
1425 2841 1463 2883 ac

347 2924 548 2993 devoratum.
569 2925 793 3007 Horrescistu,
811 2950 870 2992 nec
881 2949 973 2992 secus
986 2948 1057 3014 ego.
1076 2926 1149 2992 Scio
1165 2943 1274 2992 tamen
1297 2947 1465 3015 quousque

348 3031 466 3100 furoris
487 3033 607 3123 impelli
627 3032 751 3123 possint
774 3032 808 3098 in
831 3032 1110 3099 comminiscendis
1137 3035 1287 3100 adversus
1315 3032 1464 3099 inimicos

349 3139 624 3207 criminationibus
638 3139 806 3206 hominum
821 3138 1035 3206 fanaticorum
1057 3157 1192 3227 mentes,
1213 3139 1357 3206 civilibus
1372 3138 1467 3204 simul

348 3264 381 3312 et
408 3247 564 3337 religiosis
590 3246 673 3313 odiis
698 3245 1050 3338 mcitatae..lllinusque
1078 3248 1119 3314 ad
1147 3248 1216 3314 haec
1250 3249 1466 3336 obstupesco,

348 3378 449 3446 quum
469 3355 582 3421 eadem
608 3358 675 3420 fere
695 3354 747 3420 vel
763 3353 895 3432 similia,
922 3372 1008 3420 certe
1030 3354 1083 3419 vix
1098 3356 1203 3422 minus
1219 3352 1398 3435 horrenda,
1425 3352 1469 3417 de

348 3463 463 3530 eodem
483 3478 670 3553 argumento
685 3461 790 3551 deque
805 3460 919 3528 iisdem
932 3461 1098 3528 Antoninis
1120 3463 1273 3554 praedicta
1288 3461 1361 3550 lego
1380 3459 1468 3550 apud

313 3612 317 3620 ·
348 3587 512 3637 auctorem
534 3567 878 3636 Iudaeo-Christianum
901 3569 1044 3655 ejusdem
1063 3594 1136 3636 cum
1157 3568 1275 3636 nostris
1291 3566 1469 3657 Sibyllistis

349 3677 418 3756 aevi,
437 3676 719 3767 pseudo-Esdram,
734 3674 792 3740 lib.
808 3674 865 3754 IV,
882 3700 952 3766 cap.
975 3701 1027 3760 12,
1043 3701 1073 3743 v.
1092 3701 1146 3756 21,
1161 3701 1229 3768 sqq.
1249 3707 1257 3743 z
1276 3707 1292 3734 ι
1314 3677 1356 3741 Et
1382 3699 1470 3765 quo-

351 3816 367 3843 ι
386 3784 472 3850 niam
483 3784 591 3850 vidisti
606 3783 667 3849 tria
681 3782 784 3873 capita
801 3785 927 3871 [Romae
940 3783 1088 3848 videlicet
1100 3786 1159 3849 sub
1178 3783 1286 3850 bestiae
1301 3784 1470 3869 eujusdam

353 3924 367 3950 a
386 3891 525 3981 imagine
540 3890 724 3981 descripta]
739 3889 944 3979 quiescentia,
962 3890 1029 3955 haec
1044 3909 1092 3956 est
1108 3891 1342 3982 interpretatio.
1358 3892 1396 3955 ln
1407 3914 1469 3954 no·

315 4042 322 4058 ·
353 4029 368 4058 ι
387 3998 525 4066 vissimis
539 4000 607 4085 ejus
622 3996 788 4063 suscitabit
802 3996 982 4062 Altissimus
994 3998 1054 4062 tria
1069 4021 1166 4087 regna
1184 4000 1255 4086 [seu
1270 4014 1336 4063 tres
1358 3995 1468 4085 potius

353 4139 367 4165 a
386 4104 630 4198 regnatoresl...
649 4104 713 4195 Ipsi
736 4100 841 4170 vocati
862 4121 935 4169 sunt
958 4103 1060 4195 capita
1083 4106 1237 4195 aquilae...
1260 4106 1302 4168 Et
1317 4101 1470 4192 quoniam

353 4245 368 4273 ι
389 4214 496 4282 vidisti
511 4231 608 4304 caput
623 4213 726 4299 majus
738 4234 804 4276 uon
818 4235 984 4302 apparens,
1003 4214 1072 4278 haec
1088 4229 1135 4278 est
1150 4210 1369 4302 interpretatio
1388 4211 1467 4295 ejus.

355 4353 368 4383 ι
389 4324 551 4408 Quoniam
559 4344 686 4387 unusex
693 4319 738 4385 eis
748 4342 843 4408 super
851 4319 971 4386 lectum
981 4343 1073 4385 snum
1085 4320 1239 4386 morietur
1250 4315 1469 4406 [Antoninus],

355 4464 369 4490 ι
389 4449 420 4496 et
438 4447 545 4496 tamen
563 4454 636 4496 cum
651 4427 831 4493 tormentis.
852 4427 937 4493 Nam
955 4427 1020 4494 duo
1036 4428 1089 4518 qui
1107 4423 1387 4518 perseveraverint,
1404 4427 1472 4515 gla-

354 4569 368 4596 «
387 4538 459 4605 dius
474 4561 530 4606 eos
545 4536 704 4605 comedet.
722 4534 824 4601 Unius
840 4533 927 4603 enim
943 4535 1066 4626 gladius
1090 4533 1239 4603 comedet
1260 4533 1315 4624 qui
1333 4557 1407 4599 cum
1431 4556 1470 4598 eo
