3186 5310
490 451 667 516 ANONYMl
687 452 899 516 PRAEFA'PlO.
1216 455 1254 518 1⁹

138 585 198 652 lius
214 592 289 653 vero
306 584 498 676 Deiphoben
522 603 624 670 vocat,
646 587 755 653 Glauci
774 586 885 652 liliam.
912 587 1043 672 Octava,
1065 585 1257 676 Hellespon·

138 688 194 776 tia,
215 690 248 755 in
263 691 334 757 vico
350 708 424 757 nata
441 693 632 778 Mnrmesso,
649 716 751 783 prope
772 692 962 783 oppidulum
980 690 1194 783 Gergithium,
1209 691 1258 757 in·

138 812 188 862 tra
205 796 285 864 fines
307 798 386 864 olim
409 799 545 865 Troadis
563 799 671 886 situm,
690 798 772 865 circa
795 816 941 891 tempora
964 799 1092 866 Solonis
1115 816 1149 865 et
1169 799 1256 891 Cyri,

138 902 186 969 uti
220 904 348 996 scripsit
376 905 562 974 Heraclides
593 906 758 976 Ponticus.
788 908 896 988 Nona,
930 905 1081 999 Phrygia.
1112 907 1257 986 Decima,

138 1012 321 1098 Tiburtina,
335 1013 466 1080 nomine
478 1014 636 1081 Albunea.
894 1021 897 1029 ’

184 1120 331 1187 Tradunt
353 1145 431 1189 vero
447 1125 609 1189 Cumaeam
632 1145 750 1190 norem
772 1121 875 1191 libros
902 1120 1107 1189 oraculorum
1129 1143 1261 1188 suorum

140 1222 283 1290 attulisse
299 1223 473 1314 'l'arquinio
487 1223 609 1308 Prisco,
623 1225 777 1290 Romanis
793 1242 862 1291 tum
877 1226 974 1291 rebus
984 1223 1168 1316 imperanti,
1184 1248 1262 1316 pro·

141 1349 203 1416 que
219 1327 257 1392 iis
270 1342 430 1393 trecentos
447 1327 611 1418 philippos
627 1328 669 1392 ab
687 1350 727 1394 eo
746 1327 876 1419 petiisse
895 1355 903 1393 z
925 1351 989 1418 quo
1005 1344 1208 1420 aspernante,
1224 1351 1263 1395 ao

142 1453 184 1495 ne
200 1429 418 1520 interrogante
441 1429 574 1520 quidem
590 1431 770 1519 cujusmodi
784 1433 899 1522 scripta
918 1430 1033 1498 inistis
1050 1432 1140 1498 libris
1156 1433 1264 1498 conti-

142 1550 308 1620 nerentur,
327 1549 392 1600 tres
411 1556 451 1599 ex
468 1532 505 1599 iis
519 1532 591 1622 igne
608 1535 795 1604 combussit.
816 1538 939 1602 Rursus
960 1536 994 1600 in
1013 1535 1077 1601 alio
1092 1557 1265 1626 congressu

144 1635 212 1728 regi
230 1660 285 1703 sex
299 1635 441 1726 reliquos
454 1635 584 1714 obtulit,
596 1635 683 1703 idem
697 1652 838 1706 statuens
851 1637 940 1729 quod
956 1661 1016 1727 pro
1031 1633 1182 1705 omnibus
1193 1662 1268 1729 pre·

144 1739 242 1819 tium3
272 1755 440 1832 spretaque
467 1762 589 1819 rursus,
618 1741 772 1806 cremavit
795 1742 877 1807 alios
906 1757 982 1807 tres.
1011 1739 1136 1807 Deinde
1169 1741 1266 1808 tertio

144 1840 269 1924 allatos,
287 1843 344 1935 qui
357 1859 558 1935 supererant,
577 1859 642 1908 tres
655 1843 723 1934 regi
737 1843 847 1929 offert,
863 1843 1014 1934 idemque
1031 1842 1172 1934 pretium
1189 1866 1267 1935 pos-

145 1946 200 2026 cit,
218 1946 350 2033 minata,
370 1945 430 2012 nisi
445 1961 640 2025 emerentur,
656 1944 731 2012 illos
746 1968 875 2037 quoque
892 1969 927 2012 se
947 1947 1201 2016 combusturam.
1221 1948 1268 2017 At

144 2065 237 2129 tum,
263 2048 422 2141 inquiunt,
457 2049 605 2115 evolutos
630 2072 684 2113 rex
719 2048 896 2114 admiratus
919 2049 1076 2129 multum,
1106 2065 1269 2119 necentos

145 2151 308 2243 philippos
320 2151 413 2238 jussit
428 2150 458 2216 ei
471 2150 647 2231 numerari,
661 2149 847 2240 accepitque
862 2151 972 2215 oblata
982 2150 1159 2234 volumina,
1174 2150 1269 2219 anxie

81 2300 83 2304 »
147 2251 188 2319 de
202 2253 316 2318 ceteris
328 2251 483 2342 rogitans.
503 2251 562 2318 llla
582 2251 751 2341 respondit
764 2274 798 2316 se
820 2274 926 2342 neque
944 2251 1064 2319 habere
1084 2254 1271 2320 combusto-

146 2377 220 2421 rum
236 2353 357 2421 similes
373 2353 486 2433 libros,
507 2377 612 2445 neque
635 2353 809 2444 quidquam
833 2377 942 2420 earum
964 2378 1073 2421 rerum
1093 2354 1175 2422 scire
1188 2356 1270 2423 sine

147 2456 257 2525 divino
271 2473 367 2542 aestu3
386 2456 541 2546 quosdam
559 2472 666 2521 tamen
683 2479 722 2521 ex
735 2454 869 2523 diversis
884 2455 1020 2523 urbibus
1037 2473 1070 2523 et
1083 2457 1164 2525 locis
1179 2482 1270 2526 exce·

148 2561 230 2651 pisse
245 2560 407 2627 dictorum
421 2582 439 2624 a
456 2582 491 2626 se
507 2559 674 2646 nonnulla,
697 2582 770 2649 que
788 2557 864 2650 ipsis
880 2560 1059 2627 necessaria
1076 2577 1131 2627 aut
1147 2561 1271 2628 condu-

145 2662 252 2729 cibilia
266 2664 332 2729 risa
348 2678 475 2746 essent3
492 2684 530 2727 aa
547 2661 655 2752 colligi
671 2677 834 2752 oportere.
851 2661 949 2747 Quod
965 2661 1064 2761 etiam
1086 2686 1184 2755 quam
1203 2664 1271 2756 pri·

145 2789 235 2833 mum
250 2767 458 2832 factumest:
479 2763 591 2830 datum
607 2762 693 2830 enim
710 2763 861 2831 divinitus
884 2764 1007 2831 donum
1024 2765 1057 2833 in
1075 2763 1186 2834 abdito
1205 2789 1272 2832 non

147 2868 274 2937 mansit.
301 2867 455 2935 Omnium
484 2891 562 2936 vero
592 2866 788 2959 Sibyllarum
812 2864 885 2933 libri
917 2866 1052 2959 repositi
1081 2867 1213 2936 suanam
1238 2868 1273 2934 in

147 2971 306 3062 Capitolio
322 2970 437 3038 veteris
451 2972 575 3054 Romae,
589 2969 721 3039 seclusis
740 2969 872 3060 quidem
888 2970 998 3038 necin
1014 2970 1127 3061 vulgus
1140 2969 1274 3063 prolatis

148 3072 203 3166 qui
235 3076 370 3140 Cumaeae
392 3090 484 3141 erant
507 3073 656 3162 Sibyllae,
683 3071 834 3162 quoniam
857 3071 899 3138 de
922 3071 1020 3139 rebus
1043 3073 1128 3140 circa
1148 3071 1274 3140 ltaliam

149 3173 309 3245 eventuris
321 3175 451 3268 proprie
464 3176 566 3265 magis
581 3190 613 3240 et
624 3173 766 3266 apertius
780 3173 1053 3252 vaticinabantur;
1068 3170 1183 3245 ce'teris
1196 3198 1275 3243 vero

150 3280 193 3346 ab
208 3279 377 3347 hominum
393 3278 576 3370 cognitione
593 3274 725 3343 minime
740 3276 885 3343 remotis.
906 3277 1010 3345 Porro
1028 3279 1084 3368 qui
1100 3279 1276 3368 Erythron

151 3381 296 3474 inscripti
312 3397 397 3464 sunt,
411 3378 532 3446 habent
549 3376 613 3446 hoo
630 3402 649 3444 a
666 3378 765 3444 natali
780 3378 855 3445 loco
869 3377 1059 3471 impositum
1073 3377 1135 3469 ipsi
1152 3402 1277 3472 cogno·

152 3509 228 3553 men
244 3508 253 3553 ι
270 3483 325 3552 alii
342 3483 470 3551 titulum
492 3481 632 3549 auctoris
655 3505 722 3573 prae
747 3504 780 3547 se
803 3504 870 3547 non
888 3482 1009 3568 lerunt,
1029 3483 1084 3549 sed
1101 3480 1278 3550 indistincti

153 3588 324 3656 habentur.

198 3693 379 3762 Firmianus
392 3691 504 3784 igitur,
521 3716 586 3759 non
602 3692 755 3784 devulgo
772 3689 999 3786 philosophus,
1017 3691 1073 3785 qui
1086 3709 1120 3760 et
1135 3692 1292 3784 pmdicfi-
1348 3667 1352 3673 ’

156 3885 194 3928 ter
209 3873 292 3928 adbuc
304 3871 416 3925 manlbtu
430 3872 558 3924 hominurn
571 3880 682 3935 tractate,
705 3872 747 3923 sed
759 3873 811 3940 jam
825 3887 872 3923 utu
891 3872 981 3925 dana
992 3882 1018 3925 et
1030 3889 1098 3942 pene
1114 3871 1140 3923 in
1157 3871 1281 3924 festidium

157 3962 264 4013 adducta
284 3959 422 4029 repererit,
446 3974 501 4026 pag.
513 3962 561 4019 203
587 3961 616 4009 2ο
633 3957 701 4026 quod
721 3958 754 4010 ad
774 3972 874 4026 pagane
896 3958 1019 4026 &monis
1035 3958 1144 4021 essedas,
1164 3967 1282 4026 tanquam

158 4107 283 4173 rugatum
302 4119 347 4156 tuo
365 4112 475 4170 tempore
492 4101 592 4153 decadi
611 4116 704 4153 rnorem
770 4101 794 4152 t.
810 4100 890 4153 Codd.
915 4101 967 4153 sine
994 4101 1054 4154 titt
1081 4101 1193 4153 scribam
1214 4102 1283 4155 &drai-

158 4180 288 4248 sequentis.
303 4178 379 4231 addit
392 4194 450 4229 vero
459 4177 572 4229 Servius:
585 4198 598 4224 ι
607 4178 650 4244 qui
660 4193 705 4229 au·
736 4192 810 4244 ιριτα
822 4179 968 4238 κατέστησα
981 4178 1037 4244 (tic)
1050 4193 1057 4229 ε
1068 4192 1114 4228 nos
1127 4193 1192 4228 corr.

161 4257 217 4308 «rei
229 4265 290 4306 tuuc
304 4252 405 4322 pretiosi
414 4253 614 4319 erant-‚inepta
629 4267 706 4319 quum
772 4256 795 4302 l.
822 4251 860 4302 En
883 4251 935 4319 ipse
953 4252 1040 4304 Noster
1057 4252 1150 4304 iontem
1162 4251 1285 4320 indigitat,

160 4332 261 4383 istorum
269 4345 401 4381 numerum
407 4327 584 4396 appellatiosit‚
592 4336 620 4378 ut
626 4328 704 4394 origo,
736 4323 891 4376 Lactantium
899 4326 1060 4388 Firmianum,
1068 4328 1134 4378 unda
1147 4343 1191 4378 tus
1206 4328 1286 4397 plera·

161 4406 238 4457 multo
252 4404 383 4456 recentior.
735 4401 928 4467 qtrcdeSibyllis
936 4402 1027 4455 hausit.
1036 4403 1120 4455 Fuisse
1132 4412 1214 4456 sutem
1225 4402 1287 4455 lat-

195 4487 221 4534 l.
237 4480 314 4532 Godd.
325 4481 395 4540 οὔτε,
413 4488 438 4530 et
456 4478 530 4546 paulo
543 4476 617 4538 inira,
630 4476 707 4545 apci-
736 4476 843 4529 tantiunr
866 4477 981 4545 Capitolii
994 4480 1153 4546 ucudotcsn,
1165 4480 1287 4533 incertmn

162 4560 208 4625 δῳ.
218 4555 280 4609 Dein
291 4573 336 4626 pro
348 4555 437 4608 ἑκατόν
451 4555 500 4620 leg.
515 4553 682 4622 τριακοσίους.
736 4568 786 4620 quo
799 4562 908 4616 auctore,
919 4554 1002 4624 inepte
1013 4566 1089 4620 oute,
1103 4557 1188 4609 tradit.
