<?xml version="1.0" encoding="UTF-8"?>
<!DOCTYPE html PUBLIC "-//W3C//DTD XHTML 1.0 Transitional//EN"
    "http://www.w3.org/TR/xhtml1/DTD/xhtml1-transitional.dtd">
<html xmlns="http://www.w3.org/1999/xhtml" xml:lang="en" lang="en">
 <head>
  <title>
</title>
<meta http-equiv="Content-Type" content="text/html;charset=utf-8" />
  <meta name='ocr-system' content='tesseract 3.04.00' />
  <meta name='ocr-capabilities' content='ocr_page ocr_carea ocr_par ocr_line ocrx_word'/>
</head>
<body>
  <div class='ocr_page' id='page_1' title='image "./oraculasibyllin00alexgoog_0439.png"; bbox 0 0 3186 5310; ppageno 0'>
   <div class='ocr_carea' id='block_1_1' title="bbox 561 414 1288 481">
    <p class='ocr_par' dir='ltr' id='par_1_1' title="bbox 561 414 1288 481">
     <span class='ocr_line' id='line_1_1' title="bbox 561 414 1288 481; baseline 0.004 -7"><span class='ocrx_word' id='word_1_1' title='bbox 561 416 614 474; x_wconf 80' lang='lat' dir='ltr'>All</span> <span class='ocrx_word' id='word_1_2' title='bbox 634 414 779 476; x_wconf 82' lang='lat' dir='ltr'>LIBRUM</span> <span class='ocrx_word' id='word_1_3' title='bbox 801 419 875 481; x_wconf 91' lang='lat' dir='ltr'>VIII.</span> <span class='ocrx_word' id='word_1_4' title='bbox 1234 419 1288 479; x_wconf 77' lang='lat'>381</span> 
     </span>
    </p>
   </div>
   <div class='ocr_carea' id='block_1_2' title="bbox 164 548 1310 4515">
    <p class='ocr_par' dir='ltr' id='par_1_2' title="bbox 164 548 1310 4515">
     <span class='ocr_line' id='line_1_2' title="bbox 174 548 1294 621; baseline -0.005 -15"><span class='ocrx_word' id='word_1_5' title='bbox 174 554 276 606; x_wconf 82' lang='lat' dir='ltr'>densad</span> <span class='ocrx_word' id='word_1_6' title='bbox 287 552 386 614; x_wconf 84' lang='lat' dir='ltr'>inleros,</span> <span class='ocrx_word' id='word_1_7' title='bbox 397 563 424 604; x_wconf 91' lang='lat' dir='ltr'>ut</span> <span class='ocrx_word' id='word_1_8' title='bbox 435 554 536 604; x_wconf 87' lang='lat' dir='ltr'>mortuis</span> <span class='ocrx_word' id='word_1_9' title='bbox 548 571 614 621; x_wconf 87' lang='lat' dir='ltr'>spem</span> <span class='ocrx_word' id='word_1_10' title='bbox 623 555 722 613; x_wconf 85' lang='lat' dir='ltr'>salutis,</span> <span class='ocrx_word' id='word_1_11' title='bbox 750 548 896 602; x_wconf 82' lang='lat' dir='ltr'>Prooemium</span> <span class='ocrx_word' id='word_1_12' title='bbox 917 562 942 603; x_wconf 88' lang='lat' dir='ltr'>et</span> <span class='ocrx_word' id='word_1_13' title='bbox 963 549 1052 600; x_wconf 88' lang='lat' dir='ltr'>librum</span> <span class='ocrx_word' id='word_1_14' title='bbox 1072 548 1113 609; x_wconf 84' lang='lat' dir='ltr'>Ill,</span> <span class='ocrx_word' id='word_1_15' title='bbox 1134 549 1294 617; x_wconf 83' lang='lat' dir='ltr'>Therapeutis</span> 
     </span>
     <span class='ocr_line' id='line_1_3' title="bbox 176 626 1295 694; baseline -0.004 -14"><span class='ocrx_word' id='word_1_16' title='bbox 176 629 261 687; x_wconf 86' lang='lat' dir='ltr'>idest,</span> <span class='ocrx_word' id='word_1_17' title='bbox 275 629 429 694; x_wconf 72' lang='lat' dir='ltr'>emngslium</span> <span class='ocrx_word' id='word_1_18' title='bbox 439 628 536 689; x_wconf 75' lang='lat' dir='ltr'>ederat,</span> <span class='ocrx_word' id='word_1_19' title='bbox 550 630 613 680; x_wconf 87' lang='lat' dir='ltr'>siout</span> <span class='ocrx_word' id='word_1_20' title='bbox 627 631 689 680; x_wconf 89' lang='lat' dir='ltr'>libro</span> <span class='ocrx_word' id='word_1_21' title='bbox 700 629 720 692; x_wconf 90' lang='lat' dir='ltr'>l,</span> <span class='ocrx_word' id='word_1_22' title='bbox 748 626 909 677; x_wconf 78' lang='lat' dir='ltr'>tribueremus</span> <span class='ocrx_word' id='word_1_23' title='bbox 917 626 977 693; x_wconf 82' lang='lat' dir='ltr'>(cir.</span> <span class='ocrx_word' id='word_1_24' title='bbox 990 626 1082 676; x_wconf 87' lang='lat' dir='ltr'>Introd.</span> <span class='ocrx_word' id='word_1_25' title='bbox 1093 635 1169 676; x_wconf 80' lang='lat' dir='ltr'><strong>nostr.</strong></span> <span class='ocrx_word' id='word_1_26' title='bbox 1177 626 1295 693; x_wconf 81' lang='lat' dir='ltr'>adSibyl·</span> 
     </span>
     <span class='ocr_line' id='line_1_4' title="bbox 177 699 1293 769; baseline -0.004 -13"><span class='ocrx_word' id='word_1_27' title='bbox 177 706 237 765; x_wconf 76' lang='lat' dir='ltr'>att,</span> <span class='ocrx_word' id='word_1_28' title='bbox 251 704 306 754; x_wconf 88' lang='lat' dir='ltr'>loco</span> <span class='ocrx_word' id='word_1_29' title='bbox 319 703 377 753; x_wconf 88' lang='lat' dir='ltr'>hinc</span> <span class='ocrx_word' id='word_1_30' title='bbox 391 704 527 769; x_wconf 79' lang='lat' dir='ltr'>desumpto.</span> <span class='ocrx_word' id='word_1_31' title='bbox 540 703 659 754; x_wconf 80' lang='lat' dir='ltr'><strong>Nimirum</strong></span> <span class='ocrx_word' id='word_1_32' title='bbox 677 705 723 754; x_wconf 91' lang='lat' dir='ltr'>luit</span> <span class='ocrx_word' id='word_1_33' title='bbox 749 701 821 766; x_wconf 88' lang='lat' dir='ltr'>lina).</span> <span class='ocrx_word' id='word_1_34' title='bbox 843 703 910 752; x_wconf 83' lang='lat' dir='ltr'>Ilanc</span> <span class='ocrx_word' id='word_1_35' title='bbox 922 703 988 752; x_wconf 88' lang='lat' dir='ltr'>enim</span> <span class='ocrx_word' id='word_1_36' title='bbox 1006 699 1087 750; x_wconf 85' lang='lat' dir='ltr'>carnis</span> <span class='ocrx_word' id='word_1_37' title='bbox 1105 699 1293 760; x_wconf 88' lang='lat' dir='ltr'>abstinentiam,</span> 
     </span>
     <span class='ocr_line' id='line_1_5' title="bbox 177 775 1294 845; baseline -0.003 -16"><span class='ocrx_word' id='word_1_38' title='bbox 177 779 224 829; x_wconf 79' lang='lat' dir='ltr'>ista</span> <span class='ocrx_word' id='word_1_39' title='bbox 237 778 358 845; x_wconf 68' lang='lat' dir='ltr'>primeva</span> <span class='ocrx_word' id='word_1_40' title='bbox 369 778 481 828; x_wconf 75' lang='lat' dir='ltr'>Ilcclesin</span> <span class='ocrx_word' id='word_1_41' title='bbox 493 779 614 842; x_wconf 86' lang='lat' dir='ltr'>doctrina,</span> <span class='ocrx_word' id='word_1_42' title='bbox 626 795 658 828; x_wconf 89' lang='lat' dir='ltr'>ne</span> <span class='ocrx_word' id='word_1_43' title='bbox 672 779 724 829; x_wconf 83' lang='lat' dir='ltr'>rita</span> <span class='ocrx_word' id='word_1_44' title='bbox 750 778 871 840; x_wconf 71' lang='grc' dir='ltr'><strong>τράπεζαν</strong></span> <span class='ocrx_word' id='word_1_45' title='bbox 885 779 995 842; x_wconf 72' lang='grc' dir='ltr'><strong>καθαρὰν</strong></span> <span class='ocrx_word' id='word_1_46' title='bbox 1009 777 1059 824; x_wconf 83' lang='grc' dir='ltr'>τῶν</span> <span class='ocrx_word' id='word_1_47' title='bbox 1070 775 1175 838; x_wconf 74' lang='grc' dir='ltr'><strong>ἐναίμων</strong></span> <span class='ocrx_word' id='word_1_48' title='bbox 1186 814 1193 835; x_wconf 91' lang='grc'>,</span> <span class='ocrx_word' id='word_1_49' title='bbox 1206 776 1294 826; x_wconf 90' lang='lat' dir='ltr'>diserte</span> 
     </span>
     <span class='ocr_line' id='line_1_6' title="bbox 176 849 1294 920; baseline -0.006 -15"><span class='ocrx_word' id='word_1_50' title='bbox 176 863 269 905; x_wconf 69' lang='lat' dir='ltr'>ntem</span> <span class='ocrx_word' id='word_1_51' title='bbox 279 863 363 920; x_wconf 69' lang='lat' dir='ltr'>patere</span> <span class='ocrx_word' id='word_1_52' title='bbox 374 854 498 904; x_wconf 78' lang='lat' dir='ltr'>rideretur</span> <span class='ocrx_word' id='word_1_53' title='bbox 511 853 541 903; x_wconf 88' lang='lat' dir='ltr'>iis</span> <span class='ocrx_word' id='word_1_54' title='bbox 553 854 596 919; x_wconf 91' lang='lat' dir='ltr'>qni</span> <span class='ocrx_word' id='word_1_55' title='bbox 614 854 724 903; x_wconf 88' lang='lat' dir='ltr'>nondum</span> <span class='ocrx_word' id='word_1_56' title='bbox 751 850 782 900; x_wconf 88' lang='lat' dir='ltr'>iis</span> <span class='ocrx_word' id='word_1_57' title='bbox 793 852 881 902; x_wconf 88' lang='lat' dir='ltr'>tribuit</span> <span class='ocrx_word' id='word_1_58' title='bbox 892 851 978 907; x_wconf 84' lang='lat' dir='ltr'>Philo,</span> <span class='ocrx_word' id='word_1_59' title='bbox 991 849 1021 899; x_wconf 83' lang='lat' dir='ltr'>do</span> <span class='ocrx_word' id='word_1_60' title='bbox 1039 849 1095 899; x_wconf 84' lang='lat' dir='ltr'>Vita</span> <span class='ocrx_word' id='word_1_61' title='bbox 1107 849 1224 914; x_wconf 78' lang='lat' dir='ltr'>hsoetica,</span> <span class='ocrx_word' id='word_1_62' title='bbox 1239 867 1294 917; x_wconf 83' lang='lat' dir='ltr'>pag.</span> 
     </span>
     <span class='ocr_line' id='line_1_7' title="bbox 179 924 1296 995; baseline -0.004 -15"><span class='ocrx_word' id='word_1_63' title='bbox 179 929 278 980; x_wconf 82' lang='lat' dir='ltr'>Christo</span> <span class='ocrx_word' id='word_1_64' title='bbox 290 928 381 979; x_wconf 88' lang='lat' dir='ltr'>initiati</span> <span class='ocrx_word' id='word_1_65' title='bbox 393 928 501 979; x_wconf 86' lang='lat' dir='ltr'>luissent.</span> <span class='ocrx_word' id='word_1_66' title='bbox 521 928 583 978; x_wconf 90' lang='lat' dir='ltr'>llinc</span> <span class='ocrx_word' id='word_1_67' title='bbox 599 930 664 995; x_wconf 85' lang='lat' dir='ltr'>apud</span> <span class='ocrx_word' id='word_1_68' title='bbox 675 929 726 979; x_wconf 87' lang='lat' dir='ltr'>Iro·</span> <span class='ocrx_word' id='word_1_69' title='bbox 752 930 816 986; x_wconf 80' lang='grc'><strong>696,</strong></span> <span class='ocrx_word' id='word_1_70' title='bbox 829 928 867 976; x_wconf 92' lang='lat' dir='ltr'>ed.</span> <span class='ocrx_word' id='word_1_71' title='bbox 884 937 932 977; x_wconf 82' lang='lat' dir='ltr'>set.</span> <span class='ocrx_word' id='word_1_72' title='bbox 947 926 999 986; x_wconf 81' lang='lat' dir='ltr'>Qua</span> <span class='ocrx_word' id='word_1_73' title='bbox 1013 924 1086 974; x_wconf 84' lang='lat' dir='ltr'>etiarn</span> <span class='ocrx_word' id='word_1_74' title='bbox 1099 933 1177 990; x_wconf 83' lang='lat' dir='ltr'>parte,</span> <span class='ocrx_word' id='word_1_75' title='bbox 1192 935 1221 975; x_wconf 89' lang='lat' dir='ltr'>ut</span> <span class='ocrx_word' id='word_1_76' title='bbox 1234 928 1296 976; x_wconf 90' lang='lat' dir='ltr'>mul-</span> 
     </span>
     <span class='ocr_line' id='line_1_8' title="bbox 177 1000 1292 1070; baseline -0.004 -15"><span class='ocrx_word' id='word_1_77' title='bbox 177 1020 273 1064; x_wconf 68' lang='lat' dir='ltr'>noenm,</span> <span class='ocrx_word' id='word_1_78' title='bbox 286 1005 330 1056; x_wconf 89' lang='lat' dir='ltr'>lib.</span> <span class='ocrx_word' id='word_1_79' title='bbox 348 1003 379 1065; x_wconf 78' lang='lat' dir='ltr'>V,</span> <span class='ocrx_word' id='word_1_80' title='bbox 394 1021 449 1070; x_wconf 83' lang='lat' dir='ltr'>cap.</span> <span class='ocrx_word' id='word_1_81' title='bbox 470 1007 512 1061; x_wconf 77' lang='lat'>23,</span> <span class='ocrx_word' id='word_1_82' title='bbox 532 1020 614 1069; x_wconf 85' lang='lat' dir='ltr'>passus</span> <span class='ocrx_word' id='word_1_83' title='bbox 634 1004 726 1054; x_wconf 91' lang='lat' dir='ltr'>idcirco</span> <span class='ocrx_word' id='word_1_84' title='bbox 752 1001 783 1050; x_wconf 86' lang='lat' dir='ltr'>tis</span> <span class='ocrx_word' id='word_1_85' title='bbox 794 1002 856 1060; x_wconf 86' lang='lat' dir='ltr'>aliis,</span> <span class='ocrx_word' id='word_1_86' title='bbox 865 1000 997 1051; x_wconf 86' lang='lat' dir='ltr'>monachos</span> <span class='ocrx_word' id='word_1_87' title='bbox 1005 1010 1100 1050; x_wconf 90' lang='lat' dir='ltr'>nostros</span> <span class='ocrx_word' id='word_1_88' title='bbox 1109 1012 1292 1064; x_wconf 70' lang='lat' dir='ltr'>precesserunt,</span> 
     </span>
     <span class='ocr_line' id='line_1_9' title="bbox 178 1075 1295 1146; baseline -0.004 -15"><span class='ocrx_word' id='word_1_89' title='bbox 178 1089 337 1146; x_wconf 71' lang='lat' dir='ltr'>moratusque</span> <span class='ocrx_word' id='word_1_90' title='bbox 350 1078 439 1129; x_wconf 89' lang='lat' dir='ltr'>dicitur</span> <span class='ocrx_word' id='word_1_91' title='bbox 450 1078 563 1129; x_wconf 85' lang='lat' dir='ltr'>Christus</span> <span class='ocrx_word' id='word_1_92' title='bbox 581 1079 651 1144; x_wconf 91' lang='lat' dir='ltr'>(ipsa</span> <span class='ocrx_word' id='word_1_93' title='bbox 668 1089 726 1129; x_wconf 90' lang='lat' dir='ltr'>sunt</span> <span class='ocrx_word' id='word_1_94' title='bbox 751 1091 808 1126; x_wconf 88' lang='lat' dir='ltr'>oum</span> <span class='ocrx_word' id='word_1_95' title='bbox 824 1076 913 1143; x_wconf 89' lang='lat' dir='ltr'>quibus</span> <span class='ocrx_word' id='word_1_96' title='bbox 927 1076 1014 1126; x_wconf 89' lang='lat' dir='ltr'>miram</span> <span class='ocrx_word' id='word_1_97' title='bbox 1031 1075 1138 1140; x_wconf 86' lang='lat' dir='ltr'>ipsorum</span> <span class='ocrx_word' id='word_1_98' title='bbox 1158 1075 1295 1126; x_wconf 87' lang='lat' dir='ltr'>similitudi-</span> 
     </span>
     <span class='ocr_line' id='line_1_10' title="bbox 176 1150 1295 1219; baseline -0.004 -14"><span class='ocrx_word' id='word_1_99' title='bbox 176 1155 256 1206; x_wconf 79' lang='lat' dir='ltr'>sancti</span> <span class='ocrx_word' id='word_1_100' title='bbox 269 1155 349 1206; x_wconf 80' lang='lat' dir='ltr'>Patris</span> <span class='ocrx_word' id='word_1_101' title='bbox 362 1153 450 1217; x_wconf 79' lang='lat' dir='ltr'>rerba)</span> <span class='ocrx_word' id='word_1_102' title='bbox 473 1175 486 1199; x_wconf 74' lang='grc' dir='ltr'>«ν</span> <span class='ocrx_word' id='word_1_103' title='bbox 505 1163 533 1203; x_wconf 95' lang='lat' dir='ltr'>ut</span> <span class='ocrx_word' id='word_1_104' title='bbox 553 1154 727 1219; x_wconf 76' lang='lat' dir='ltr'>evangelizaret</span> <span class='ocrx_word' id='word_1_105' title='bbox 751 1166 806 1200; x_wconf 91' lang='lat' dir='ltr'>nem</span> <span class='ocrx_word' id='word_1_106' title='bbox 827 1151 936 1216; x_wconf 83' lang='lat' dir='ltr'>agnoscit</span> <span class='ocrx_word' id='word_1_107' title='bbox 958 1150 1075 1200; x_wconf 79' lang='lat' dir='ltr'>Eusebius</span> <span class='ocrx_word' id='word_1_108' title='bbox 1097 1164 1104 1198; x_wconf 76' lang='lat' dir='ltr'><strong><em>z</em></strong></span> <span class='ocrx_word' id='word_1_109' title='bbox 1129 1150 1220 1200; x_wconf 75' lang='lat' dir='ltr'>Elairn</span> <span class='ocrx_word' id='word_1_110' title='bbox 1241 1153 1295 1201; x_wconf 81' lang='grc' dir='ltr'><strong>τινὰ</strong></span> 
     </span>
     <span class='ocr_line' id='line_1_11' title="bbox 178 1225 1296 1295; baseline -0.002 -18"><span class='ocrx_word' id='word_1_111' title='bbox 178 1251 192 1277; x_wconf 74' lang='grc' dir='ltr'>ι</span> <span class='ocrx_word' id='word_1_112' title='bbox 203 1230 309 1281; x_wconf 69' lang='lat' dir='ltr'>Ababa</span> <span class='ocrx_word' id='word_1_113' title='bbox 317 1240 343 1280; x_wconf 88' lang='lat' dir='ltr'>et</span> <span class='ocrx_word' id='word_1_114' title='bbox 352 1230 382 1280; x_wconf 90' lang='lat' dir='ltr'>iis</span> <span class='ocrx_word' id='word_1_115' title='bbox 394 1229 438 1295; x_wconf 90' lang='lat' dir='ltr'>qui</span> <span class='ocrx_word' id='word_1_116' title='bbox 455 1245 511 1278; x_wconf 90' lang='lat' dir='ltr'>cum</span> <span class='ocrx_word' id='word_1_117' title='bbox 520 1245 558 1289; x_wconf 90' lang='lat' dir='ltr'>eo,</span> <span class='ocrx_word' id='word_1_118' title='bbox 574 1228 724 1295; x_wconf 77' lang='lat' dir='ltr'>apertionem</span> <span class='ocrx_word' id='word_1_119' title='bbox 750 1227 939 1292; x_wconf 68' lang='lat' dir='ltr'>npos&#39;rsriqpnpos</span> <span class='ocrx_word' id='word_1_120' title='bbox 949 1226 998 1274; x_wconf 83' lang='grc' dir='ltr'>τῶν</span> <span class='ocrx_word' id='word_1_121' title='bbox 1008 1229 1051 1274; x_wconf 86' lang='grc' dir='ltr'>νῦν</span> <span class='ocrx_word' id='word_1_122' title='bbox 1064 1225 1185 1289; x_wconf 80' lang='grc' dir='ltr'><strong>μοναχῶν,</strong></span> <span class='ocrx_word' id='word_1_123' title='bbox 1198 1234 1223 1274; x_wconf 87' lang='lat' dir='ltr'>et</span> <span class='ocrx_word' id='word_1_124' title='bbox 1231 1225 1296 1275; x_wconf 84' lang='lat' dir='ltr'>Pho·</span> 
     </span>
     <span class='ocr_line' id='line_1_12' title="bbox 177 1299 1294 1366; baseline 0 -15"><span class='ocrx_word' id='word_1_125' title='bbox 177 1325 191 1351; x_wconf 74' lang='grc' dir='ltr'>ι</span> <span class='ocrx_word' id='word_1_126' title='bbox 202 1305 376 1356; x_wconf 79' lang='lat' dir='ltr'>hereditatis».</span> <span class='ocrx_word' id='word_1_127' title='bbox 750 1300 813 1359; x_wconf 87' lang='lat' dir='ltr'>tius,</span> <span class='ocrx_word' id='word_1_128' title='bbox 829 1300 938 1365; x_wconf 79' lang='lat' dir='ltr'>quemvis</span> <span class='ocrx_word' id='word_1_129' title='bbox 957 1316 997 1350; x_wconf 91' lang='lat' dir='ltr'>eos</span> <span class='ocrx_word' id='word_1_130' title='bbox 1011 1299 1170 1366; x_wconf 72' lang='lat' dir='ltr'>pertinaciter</span> <span class='ocrx_word' id='word_1_131' title='bbox 1183 1316 1197 1350; x_wconf 88' lang='lat' dir='ltr'>a</span> <span class='ocrx_word' id='word_1_132' title='bbox 1209 1302 1294 1351; x_wconf 69' lang='lat' dir='ltr'>coeris</span> 
     </span>
     <span class='ocr_line' id='line_1_13' title="bbox 211 1371 1296 1444; baseline -0.005 -12"><span class='ocrx_word' id='word_1_133' title='bbox 211 1382 271 1432; x_wconf 73' lang='grc'>320.</span> <span class='ocrx_word' id='word_1_134' title='bbox 289 1380 447 1431; x_wconf 81' lang='lat' dir='ltr'>Solliciatsel</span> <span class='ocrx_word' id='word_1_135' title='bbox 456 1379 594 1435; x_wconf 73' lang='lat' dir='ltr'>hierenus,</span> <span class='ocrx_word' id='word_1_136' title='bbox 606 1378 724 1444; x_wconf 68' lang='lat' dir='ltr'>primaeve</span> <span class='ocrx_word' id='word_1_137' title='bbox 750 1374 894 1425; x_wconf 86' lang='lat' dir='ltr'>Christianis</span> <span class='ocrx_word' id='word_1_138' title='bbox 911 1384 997 1424; x_wconf 86' lang='lat' dir='ltr'>contra</span> <span class='ocrx_word' id='word_1_139' title='bbox 1018 1373 1115 1424; x_wconf 84' lang='lat' dir='ltr'>Eusebii</span> <span class='ocrx_word' id='word_1_140' title='bbox 1134 1384 1241 1425; x_wconf 84' lang='lat' dir='ltr'>mentem</span> <span class='ocrx_word' id='word_1_141' title='bbox 1258 1371 1296 1427; x_wconf 72' lang='grc' dir='ltr'>ἕε-</span> 
     </span>
     <span class='ocr_line' id='line_1_14' title="bbox 176 1448 1295 1521; baseline -0.003 -16"><span class='ocrx_word' id='word_1_142' title='bbox 176 1453 292 1506; x_wconf 68' lang='lat' dir='ltr'>Boolesite</span> <span class='ocrx_word' id='word_1_143' title='bbox 306 1470 405 1521; x_wconf 87' lang='lat' dir='ltr'>suppar,</span> <span class='ocrx_word' id='word_1_144' title='bbox 421 1463 449 1504; x_wconf 92' lang='lat' dir='ltr'>ut</span> <span class='ocrx_word' id='word_1_145' title='bbox 460 1453 581 1509; x_wconf 80' lang='lat' dir='ltr'>diximus,</span> <span class='ocrx_word' id='word_1_146' title='bbox 594 1452 626 1503; x_wconf 78' lang='lat' dir='ltr'>nd</span> <span class='ocrx_word' id='word_1_147' title='bbox 640 1469 724 1502; x_wconf 87' lang='lat' dir='ltr'>eorum</span> <span class='ocrx_word' id='word_1_148' title='bbox 749 1465 859 1510; x_wconf 84' lang='lat' dir='ltr'>cernens,</span> <span class='ocrx_word' id='word_1_149' title='bbox 871 1449 1048 1515; x_wconf 83' lang='lat' dir='ltr'>Bibliothcep.</span> <span class='ocrx_word' id='word_1_150' title='bbox 1062 1452 1108 1499; x_wconf 72' lang='lat'>104</span> <span class='ocrx_word' id='word_1_151' title='bbox 1117 1465 1124 1500; x_wconf 91' lang='lat'>:</span> <span class='ocrx_word' id='word_1_152' title='bbox 1133 1450 1189 1498; x_wconf 83' lang='grc' dir='ltr'>Τῶν</span> <span class='ocrx_word' id='word_1_153' title='bbox 1198 1448 1241 1500; x_wconf 80' lang='grc' dir='ltr'>νῦν</span> <span class='ocrx_word' id='word_1_154' title='bbox 1252 1469 1295 1516; x_wconf 86' lang='grc' dir='ltr'>μο-</span> 
     </span>
     <span class='ocr_line' id='line_1_15' title="bbox 175 1525 1274 1593; baseline -0.002 -14"><span class='ocrx_word' id='word_1_155' title='bbox 175 1529 321 1580; x_wconf 65' lang='lat' dir='ltr'>ualentiam</span> <span class='ocrx_word' id='word_1_156' title='bbox 340 1528 512 1591; x_wconf 80' lang='lat' dir='ltr'>refellendam,</span> <span class='ocrx_word' id='word_1_157' title='bbox 530 1528 583 1592; x_wconf 87' lang='lat' dir='ltr'>qui,</span> <span class='ocrx_word' id='word_1_158' title='bbox 598 1527 724 1593; x_wconf 75' lang='lat' dir='ltr'>scripture</span> <span class='ocrx_word' id='word_1_159' title='bbox 748 1525 870 1582; x_wconf 76' lang='grc' dir='ltr'><strong>ναζόντων</strong></span> <span class='ocrx_word' id='word_1_160' title='bbox 884 1527 927 1585; x_wconf 78' lang='grc' dir='ltr'>τὴν</span> <span class='ocrx_word' id='word_1_161' title='bbox 940 1526 1064 1576; x_wconf 70' lang='grc' dir='ltr'><strong>πολιτείαν</strong></span> <span class='ocrx_word' id='word_1_162' title='bbox 1076 1525 1274 1591; x_wconf 79' lang='grc' dir='ltr'><strong>προῡπίγραφον.</strong></span> 
     </span>
     <span class='ocr_line' id='line_1_16' title="bbox 174 1599 1294 1668; baseline -0.001 -15"><span class='ocrx_word' id='word_1_163' title='bbox 174 1603 274 1653; x_wconf 79' lang='lat' dir='ltr'>silentio</span> <span class='ocrx_word' id='word_1_164' title='bbox 287 1605 400 1655; x_wconf 77' lang='lat' dir='ltr'>adversos</span> <span class='ocrx_word' id='word_1_165' title='bbox 413 1603 553 1654; x_wconf 79' lang='lat' dir='ltr'>unanimem</span> <span class='ocrx_word' id='word_1_166' title='bbox 567 1612 723 1668; x_wconf 87' lang='lat' dir='ltr'>perpetuom-</span> <span class='ocrx_word' id='word_1_167' title='bbox 784 1603 841 1650; x_wconf 80' lang='lat' dir='ltr'>lto.</span> <span class='ocrx_word' id='word_1_168' title='bbox 860 1601 912 1649; x_wconf 89' lang='lat' dir='ltr'>lloc</span> <span class='ocrx_word' id='word_1_169' title='bbox 930 1609 967 1649; x_wconf 85' lang='lat' dir='ltr'>cst</span> <span class='ocrx_word' id='word_1_170' title='bbox 987 1615 1056 1648; x_wconf 75' lang='lat' dir='ltr'>nora&gt;</span> <span class='ocrx_word' id='word_1_171' title='bbox 1077 1599 1154 1664; x_wconf 88' lang='lat' dir='ltr'>partis</span> <span class='ocrx_word' id='word_1_172' title='bbox 1180 1600 1294 1662; x_wconf 86' lang='lat' dir='ltr'>initium,</span> 
     </span>
     <span class='ocr_line' id='line_1_17' title="bbox 175 1673 1293 1745; baseline -0.002 -16"><span class='ocrx_word' id='word_1_173' title='bbox 175 1693 225 1745; x_wconf 82' lang='lat' dir='ltr'>qoe</span> <span class='ocrx_word' id='word_1_174' title='bbox 245 1678 401 1729; x_wconf 72' lang='lat' dir='ltr'>hoditionem</span> <span class='ocrx_word' id='word_1_175' title='bbox 417 1678 554 1739; x_wconf 84' lang='lat' dir='ltr'>abutentes,</span> <span class='ocrx_word' id='word_1_176' title='bbox 572 1677 724 1728; x_wconf 88' lang='lat' dir='ltr'>contendunt</span> <span class='ocrx_word' id='word_1_177' title='bbox 748 1673 823 1733; x_wconf 83' lang='lat' dir='ltr'>Vlll,</span> <span class='ocrx_word' id='word_1_178' title='bbox 850 1676 914 1741; x_wconf 72' lang='lat'>53,</span> <span class='ocrx_word' id='word_1_179' title='bbox 929 1691 971 1724; x_wconf 84' lang='lat' dir='ltr'>seu</span> <span class='ocrx_word' id='word_1_180' title='bbox 985 1675 1083 1734; x_wconf 84' lang='lat' dir='ltr'>verius,</span> <span class='ocrx_word' id='word_1_181' title='bbox 1097 1683 1181 1725; x_wconf 90' lang='lat' dir='ltr'>utnos</span> <span class='ocrx_word' id='word_1_182' title='bbox 1195 1676 1293 1741; x_wconf 86' lang='lat' dir='ltr'>quidem</span> 
     </span>
     <span class='ocr_line' id='line_1_18' title="bbox 174 1746 1295 1819; baseline 0 -17"><span class='ocrx_word' id='word_1_183' title='bbox 174 1752 203 1802; x_wconf 89' lang='lat' dir='ltr'>in</span> <span class='ocrx_word' id='word_1_184' title='bbox 214 1753 306 1804; x_wconf 76' lang='lat' dir='ltr'>Christi</span> <span class='ocrx_word' id='word_1_185' title='bbox 314 1753 424 1819; x_wconf 75' lang='lat' dir='ltr'>passione</span> <span class='ocrx_word' id='word_1_186' title='bbox 431 1768 480 1800; x_wconf 93' lang='lat' dir='ltr'>non</span> <span class='ocrx_word' id='word_1_187' title='bbox 491 1760 598 1816; x_wconf 90' lang='lat' dir='ltr'>quatuor</span> <span class='ocrx_word' id='word_1_188' title='bbox 604 1751 722 1810; x_wconf 83' lang='lat' dir='ltr'>membra,</span> <span class='ocrx_word' id='word_1_189' title='bbox 749 1763 839 1806; x_wconf 83' lang='lat' dir='ltr'>remur,</span> <span class='ocrx_word' id='word_1_190' title='bbox 846 1750 902 1798; x_wconf 81' lang='lat' dir='ltr'>nori</span> <span class='ocrx_word' id='word_1_191' title='bbox 911 1749 967 1798; x_wconf 89' lang='lat' dir='ltr'>libri</span> <span class='ocrx_word' id='word_1_192' title='bbox 975 1748 1090 1811; x_wconf 80' lang='lat' dir='ltr'>(libenter</span> <span class='ocrx_word' id='word_1_193' title='bbox 1097 1746 1163 1799; x_wconf 89' lang='lat' dir='ltr'>hunc</span> <span class='ocrx_word' id='word_1_194' title='bbox 1174 1749 1295 1802; x_wconf 84' lang='lat' dir='ltr'>librumX</span> 
     </span>
     <span class='ocr_line' id='line_1_19' title="bbox 176 1823 1294 1892; baseline -0.001 -14"><span class='ocrx_word' id='word_1_195' title='bbox 176 1827 219 1878; x_wconf 86' lang='lat' dir='ltr'>ssd</span> <span class='ocrx_word' id='word_1_196' title='bbox 231 1844 318 1878; x_wconf 83' lang='lat' dir='ltr'>manus</span> <span class='ocrx_word' id='word_1_197' title='bbox 329 1837 425 1878; x_wconf 88' lang='lat' dir='ltr'>tantum</span> <span class='ocrx_word' id='word_1_198' title='bbox 443 1826 515 1876; x_wconf 85' lang='lat' dir='ltr'>luisse</span> <span class='ocrx_word' id='word_1_199' title='bbox 533 1826 658 1892; x_wconf 82' lang='lat' dir='ltr'>perfossas.</span> <span class='ocrx_word' id='word_1_200' title='bbox 749 1830 900 1886; x_wconf 84' lang='lat' dir='ltr'>vocaremus)</span> <span class='ocrx_word' id='word_1_201' title='bbox 911 1839 918 1873; x_wconf 75' lang='lat' dir='ltr'>s</span> <span class='ocrx_word' id='word_1_202' title='bbox 930 1839 1004 1889; x_wconf 89' lang='lat' dir='ltr'>quern</span> <span class='ocrx_word' id='word_1_203' title='bbox 1013 1823 1068 1872; x_wconf 92' lang='lat' dir='ltr'>ideo</span> <span class='ocrx_word' id='word_1_204' title='bbox 1080 1823 1223 1877; x_wconf 86' lang='lat' dir='ltr'>miramura</span> <span class='ocrx_word' id='word_1_205' title='bbox 1236 1826 1294 1877; x_wconf 92' lang='lat' dir='ltr'>doc-</span> 
     </span>
     <span class='ocr_line' id='line_1_20' title="bbox 210 1896 1292 1967; baseline -0.004 -14"><span class='ocrx_word' id='word_1_206' title='bbox 210 1907 269 1967; x_wconf 74' lang='lat' dir='ltr'>tot,</span> <span class='ocrx_word' id='word_1_207' title='bbox 283 1917 320 1967; x_wconf 90' lang='lat' dir='ltr'>sq.</span> <span class='ocrx_word' id='word_1_208' title='bbox 337 1902 404 1967; x_wconf 72' lang='lat' dir='ltr'>Piget</span> <span class='ocrx_word' id='word_1_209' title='bbox 417 1917 461 1951; x_wconf 84' lang='lat' dir='ltr'>nos</span> <span class='ocrx_word' id='word_1_210' title='bbox 472 1900 544 1951; x_wconf 87' lang='lat' dir='ltr'>hosce</span> <span class='ocrx_word' id='word_1_211' title='bbox 557 1902 617 1951; x_wconf 91' lang='lat' dir='ltr'>duos</span> <span class='ocrx_word' id='word_1_212' title='bbox 633 1917 723 1958; x_wconf 83' lang='lat' dir='ltr'>versus,</span> <span class='ocrx_word' id='word_1_213' title='bbox 749 1896 839 1947; x_wconf 79' lang='lat' dir='ltr'>tissime</span> <span class='ocrx_word' id='word_1_214' title='bbox 856 1899 909 1947; x_wconf 82' lang='lat' dir='ltr'>viro</span> <span class='ocrx_word' id='word_1_215' title='bbox 931 1897 1027 1947; x_wconf 81' lang='lat' dir='ltr'>Eualdo</span> <span class='ocrx_word' id='word_1_216' title='bbox 1041 1897 1156 1960; x_wconf 86' lang='lat' dir='ltr'>(Ilissert.</span> <span class='ocrx_word' id='word_1_217' title='bbox 1170 1915 1225 1966; x_wconf 79' lang='lat' dir='ltr'>pag.</span> <span class='ocrx_word' id='word_1_218' title='bbox 1248 1905 1292 1960; x_wconf 80' lang='grc'>79,</span> 
     </span>
     <span class='ocr_line' id='line_1_21' title="bbox 176 1972 1294 2042; baseline 0 -15"><span class='ocrx_word' id='word_1_219' title='bbox 176 1977 256 2040; x_wconf 65' lang='lat' dir='ltr'>(deut</span> <span class='ocrx_word' id='word_1_220' title='bbox 268 1976 327 2027; x_wconf 84' lang='lat' dir='ltr'>alios</span> <span class='ocrx_word' id='word_1_221' title='bbox 336 1986 532 2042; x_wconf 85' lang='lat' dir='ltr'>quatuorsupra‚</span> <span class='ocrx_word' id='word_1_222' title='bbox 546 1978 665 2034; x_wconf 80' lang='lat' dir='ltr'>13³·l36,</span> <span class='ocrx_word' id='word_1_223' title='bbox 679 1975 722 2024; x_wconf 92' lang='lat' dir='ltr'>ubi</span> <span class='ocrx_word' id='word_1_224' title='bbox 748 1974 834 2037; x_wconf 77' lang='lat' dir='ltr'>sqq),</span> <span class='ocrx_word' id='word_1_225' title='bbox 855 1982 972 2038; x_wconf 84' lang='lat' dir='ltr'>tanquam</span> <span class='ocrx_word' id='word_1_226' title='bbox 991 1972 1062 2021; x_wconf 88' lang='lat' dir='ltr'>unius</span> <span class='ocrx_word' id='word_1_227' title='bbox 1083 1973 1197 2024; x_wconf 77' lang='lat' dir='ltr'>carminis</span> <span class='ocrx_word' id='word_1_228' title='bbox 1210 1985 1294 2026; x_wconf 84' lang='lat' dir='ltr'>tenore</span> 
     </span>
     <span class='ocr_line' id='line_1_22' title="bbox 176 2047 1294 2116; baseline -0.001 -15"><span class='ocrx_word' id='word_1_229' title='bbox 176 2051 233 2102; x_wconf 81' lang='lat' dir='ltr'>ride</span> <span class='ocrx_word' id='word_1_230' title='bbox 248 2055 332 2115; x_wconf 81' lang='lat' dir='ltr'>not),</span> <span class='ocrx_word' id='word_1_231' title='bbox 351 2050 547 2116; x_wconf 77' lang='lat' dir='ltr'>interpolationis</span> <span class='ocrx_word' id='word_1_232' title='bbox 566 2065 666 2114; x_wconf 81' lang='lat' dir='ltr'>arguere</span> <span class='ocrx_word' id='word_1_233' title='bbox 684 2049 723 2099; x_wconf 84' lang='lat' dir='ltr'>vel</span> <span class='ocrx_word' id='word_1_234' title='bbox 748 2061 804 2095; x_wconf 88' lang='lat' dir='ltr'>cum</span> <span class='ocrx_word' id='word_1_235' title='bbox 830 2048 953 2113; x_wconf 80' lang='lat' dir='ltr'>prioribus</span> <span class='ocrx_word' id='word_1_236' title='bbox 977 2047 1125 2097; x_wconf 85' lang='lat' dir='ltr'>continuari.</span> <span class='ocrx_word' id='word_1_237' title='bbox 1151 2047 1211 2098; x_wconf 85' lang='lat' dir='ltr'>Nam</span> <span class='ocrx_word' id='word_1_238' title='bbox 1238 2051 1294 2116; x_wconf 88' lang='lat' dir='ltr'>qui,</span> 
     </span>
     <span class='ocr_line' id='line_1_23' title="bbox 175 2121 1295 2192; baseline 0 -16"><span class='ocrx_word' id='word_1_239' title='bbox 175 2125 304 2192; x_wconf 80' lang='lat' dir='ltr'>suspicari.</span> <span class='ocrx_word' id='word_1_240' title='bbox 318 2125 446 2185; x_wconf 85' lang='lat' dir='ltr'>Idtameu,</span> <span class='ocrx_word' id='word_1_241' title='bbox 465 2125 649 2183; x_wconf 67' lang='lat' dir='ltr'>incutientes,</span> <span class='ocrx_word' id='word_1_242' title='bbox 665 2125 723 2174; x_wconf 76' lang='lat' dir='ltr'>diras</span> <span class='ocrx_word' id='word_1_243' title='bbox 747 2122 819 2173; x_wconf 86' lang='lat' dir='ltr'>solita</span> <span class='ocrx_word' id='word_1_244' title='bbox 842 2122 931 2188; x_wconf 73' lang='lat' dir='ltr'>ingenii</span> <span class='ocrx_word' id='word_1_245' title='bbox 950 2121 1097 2179; x_wconf 88' lang='lat' dir='ltr'>subtilitate,</span> <span class='ocrx_word' id='word_1_246' title='bbox 1118 2122 1242 2175; x_wconf 79' lang='lat' dir='ltr'>internum</span> <span class='ocrx_word' id='word_1_247' title='bbox 1265 2127 1295 2176; x_wconf 92' lang='lat' dir='ltr'>li·</span> 
     </span>
     <span class='ocr_line' id='line_1_24' title="bbox 172 2195 1294 2265; baseline -0.004 -14"><span class='ocrx_word' id='word_1_248' title='bbox 172 2201 209 2251; x_wconf 88' lang='lat' dir='ltr'>ob</span> <span class='ocrx_word' id='word_1_249' title='bbox 221 2216 306 2251; x_wconf 83' lang='lat' dir='ltr'>causas</span> <span class='ocrx_word' id='word_1_250' title='bbox 322 2199 402 2250; x_wconf 83' lang='lat' dir='ltr'>lacere</span> <span class='ocrx_word' id='word_1_251' title='bbox 419 2199 460 2249; x_wconf 90' lang='lat' dir='ltr'>hic</span> <span class='ocrx_word' id='word_1_252' title='bbox 478 2215 575 2265; x_wconf 83' lang='lat' dir='ltr'>queque</span> <span class='ocrx_word' id='word_1_253' title='bbox 591 2199 720 2264; x_wconf 82' lang='lat' dir='ltr'>cogimur:</span> <span class='ocrx_word' id='word_1_254' title='bbox 748 2195 804 2245; x_wconf 88' lang='lat' dir='ltr'>bros</span> <span class='ocrx_word' id='word_1_255' title='bbox 832 2197 937 2261; x_wconf 76' lang='lat' dir='ltr'>singulos</span> <span class='ocrx_word' id='word_1_256' title='bbox 971 2196 1179 2262; x_wconf 83' lang='lat' dir='ltr'>conjunctissimos</span> <span class='ocrx_word' id='word_1_257' title='bbox 1214 2216 1294 2251; x_wconf 85' lang='lat' dir='ltr'>secum</span> 
     </span>
     <span class='ocr_line' id='line_1_25' title="bbox 172 2271 1310 2343; baseline -0.001 -17"><span class='ocrx_word' id='word_1_258' title='bbox 172 2276 351 2343; x_wconf 79' lang='lat' dir='ltr'>anam,quod,</span> <span class='ocrx_word' id='word_1_259' title='bbox 366 2275 411 2325; x_wconf 86' lang='lat' dir='ltr'>etsi</span> <span class='ocrx_word' id='word_1_260' title='bbox 428 2274 459 2323; x_wconf 89' lang='lat' dir='ltr'>de</span> <span class='ocrx_word' id='word_1_261' title='bbox 477 2275 602 2324; x_wconf 88' lang='lat' dir='ltr'>communi</span> <span class='ocrx_word' id='word_1_262' title='bbox 624 2275 723 2323; x_wconf 86' lang='lat' dir='ltr'>Sancto·</span> <span class='ocrx_word' id='word_1_263' title='bbox 748 2271 899 2337; x_wconf 83' lang='lat' dir='ltr'>maximeque</span> <span class='ocrx_word' id='word_1_264' title='bbox 921 2289 998 2335; x_wconf 86' lang='lat' dir='ltr'>nuos,</span> <span class='ocrx_word' id='word_1_265' title='bbox 1026 2271 1052 2319; x_wconf 89' lang='lat' dir='ltr'>in</span> <span class='ocrx_word' id='word_1_266' title='bbox 1076 2272 1158 2337; x_wconf 83' lang='lat' dir='ltr'>plures</span> <span class='ocrx_word' id='word_1_267' title='bbox 1185 2275 1310 2331; x_wconf 43' lang='lat' dir='ltr'>sciudere.</span> 
     </span>
     <span class='ocr_line' id='line_1_26' title="bbox 175 2346 1294 2415; baseline -0.003 -14"><span class='ocrx_word' id='word_1_268' title='bbox 175 2366 233 2401; x_wconf 81' lang='lat' dir='ltr'>rum</span> <span class='ocrx_word' id='word_1_269' title='bbox 249 2350 421 2401; x_wconf 79' lang='lat' dir='ltr'>intercessione</span> <span class='ocrx_word' id='word_1_270' title='bbox 436 2350 529 2399; x_wconf 84' lang='lat' dir='ltr'>nullam</span> <span class='ocrx_word' id='word_1_271' title='bbox 555 2348 642 2398; x_wconf 83' lang='lat' dir='ltr'>fassit</span> <span class='ocrx_word' id='word_1_272' title='bbox 662 2348 722 2398; x_wconf 88' lang='lat' dir='ltr'>oriri</span> <span class='ocrx_word' id='word_1_273' title='bbox 747 2347 833 2412; x_wconf 78' lang='lat' dir='ltr'>qrraerit</span> <span class='ocrx_word' id='word_1_274' title='bbox 851 2350 897 2411; x_wconf 90' lang='lat' dir='ltr'>(ut</span> <span class='ocrx_word' id='word_1_275' title='bbox 911 2363 987 2412; x_wconf 90' lang='lat' dir='ltr'>quum</span> <span class='ocrx_word' id='word_1_276' title='bbox 1001 2346 1057 2396; x_wconf 88' lang='lat' dir='ltr'>libri</span> <span class='ocrx_word' id='word_1_277' title='bbox 1072 2346 1092 2395; x_wconf 85' lang='lat' dir='ltr'>V</span> <span class='ocrx_word' id='word_1_278' title='bbox 1108 2364 1190 2399; x_wconf 81' lang='lat' dir='ltr'>versus</span> <span class='ocrx_word' id='word_1_279' title='bbox 1204 2350 1294 2415; x_wconf 80' lang='lat' dir='ltr'>primos</span> 
     </span>
     <span class='ocr_line' id='line_1_27' title="bbox 174 2423 1292 2492; baseline 0.002 -16"><span class='ocrx_word' id='word_1_280' title='bbox 174 2424 383 2485; x_wconf 79' lang='lat' dir='ltr'>controversiam,</span> <span class='ocrx_word' id='word_1_281' title='bbox 399 2434 482 2474; x_wconf 70' lang='lat' dir='ltr'>nmen</span> <span class='ocrx_word' id='word_1_282' title='bbox 500 2424 600 2489; x_wconf 75' lang='lat' dir='ltr'>privatin</span> <span class='ocrx_word' id='word_1_283' title='bbox 615 2424 723 2488; x_wconf 83' lang='lat' dir='ltr'>ipsorum</span> <span class='ocrx_word' id='word_1_284' title='bbox 748 2426 777 2472; x_wconf 82' lang='lat'>51</span> <span class='ocrx_word' id='word_1_285' title='bbox 802 2438 817 2472; x_wconf 89' lang='lat' dir='ltr'>a</span> <span class='ocrx_word' id='word_1_286' title='bbox 837 2423 992 2488; x_wconf 84' lang='lat' dir='ltr'>sequentihus</span> <span class='ocrx_word' id='word_1_287' title='bbox 1006 2439 1119 2488; x_wconf 86' lang='lat' dir='ltr'>separare</span> <span class='ocrx_word' id='word_1_288' title='bbox 1135 2425 1292 2492; x_wconf 85' lang='lat' dir='ltr'>conabatur),</span> 
     </span>
     <span class='ocr_line' id='line_1_28' title="bbox 177 2497 1295 2566; baseline 0.004 -19"><span class='ocrx_word' id='word_1_289' title='bbox 177 2499 328 2566; x_wconf 70' lang='lat' dir='ltr'>singulorum</span> <span class='ocrx_word' id='word_1_290' title='bbox 340 2498 519 2549; x_wconf 85' lang='lat' dir='ltr'>intercessionis</span> <span class='ocrx_word' id='word_1_291' title='bbox 531 2508 604 2563; x_wconf 88' lang='lat' dir='ltr'>atque</span> <span class='ocrx_word' id='word_1_292' title='bbox 616 2498 671 2547; x_wconf 89' lang='lat' dir='ltr'>ideo</span> <span class='ocrx_word' id='word_1_293' title='bbox 685 2498 723 2547; x_wconf 92' lang='lat' dir='ltr'>in·</span> <span class='ocrx_word' id='word_1_294' title='bbox 748 2497 789 2545; x_wconf 81' lang='lat' dir='ltr'>rix</span> <span class='ocrx_word' id='word_1_295' title='bbox 812 2497 896 2547; x_wconf 89' lang='lat' dir='ltr'>similis</span> <span class='ocrx_word' id='word_1_296' title='bbox 914 2497 959 2547; x_wconf 90' lang='lat' dir='ltr'>sibi</span> <span class='ocrx_word' id='word_1_297' title='bbox 983 2498 1082 2563; x_wconf 82' lang='lat' dir='ltr'>prodit,</span> <span class='ocrx_word' id='word_1_298' title='bbox 1109 2498 1150 2548; x_wconf 89' lang='lat' dir='ltr'>ubi</span> <span class='ocrx_word' id='word_1_299' title='bbox 1173 2516 1223 2550; x_wconf 91' lang='lat' dir='ltr'>nou</span> <span class='ocrx_word' id='word_1_300' title='bbox 1240 2503 1295 2552; x_wconf 87' lang='lat' dir='ltr'>oui·</span> 
     </span>
     <span class='ocr_line' id='line_1_29' title="bbox 178 2572 1296 2642; baseline 0.004 -19"><span class='ocrx_word' id='word_1_301' title='bbox 178 2574 313 2625; x_wconf 74' lang='lat' dir='ltr'>vocationis</span> <span class='ocrx_word' id='word_1_302' title='bbox 325 2575 436 2640; x_wconf 84' lang='lat' dir='ltr'>exempla</span> <span class='ocrx_word' id='word_1_303' title='bbox 451 2573 502 2624; x_wconf 86' lang='lat' dir='ltr'>iere</span> <span class='ocrx_word' id='word_1_304' title='bbox 521 2573 588 2623; x_wconf 85' lang='lat' dir='ltr'>nulla</span> <span class='ocrx_word' id='word_1_305' title='bbox 606 2582 663 2622; x_wconf 85' lang='lat' dir='ltr'>ante</span> <span class='ocrx_word' id='word_1_306' title='bbox 680 2589 723 2622; x_wconf 83' lang='lat' dir='ltr'>sae·</span> <span class='ocrx_word' id='word_1_307' title='bbox 748 2573 877 2623; x_wconf 86' lang='lat' dir='ltr'>madvertit</span> <span class='ocrx_word' id='word_1_308' title='bbox 890 2573 973 2638; x_wconf 85' lang='lat' dir='ltr'>priora</span> <span class='ocrx_word' id='word_1_309' title='bbox 993 2572 1050 2622; x_wconf 90' lang='lat' dir='ltr'>libri</span> <span class='ocrx_word' id='word_1_310' title='bbox 1064 2572 1130 2634; x_wconf 83' lang='lat' dir='ltr'>VIII,</span> <span class='ocrx_word' id='word_1_311' title='bbox 1146 2574 1201 2640; x_wconf 68' lang='grc'>32,</span> <span class='ocrx_word' id='word_1_312' title='bbox 1215 2576 1296 2642; x_wconf 91' lang='lat' dir='ltr'>philo·</span> 
     </span>
     <span class='ocr_line' id='line_1_30' title="bbox 175 2646 1294 2713; baseline 0.003 -14"><span class='ocrx_word' id='word_1_313' title='bbox 175 2648 263 2699; x_wconf 82' lang='lat' dir='ltr'>culum</span> <span class='ocrx_word' id='word_1_314' title='bbox 276 2647 308 2698; x_wconf 83' lang='lat' dir='ltr'>tv</span> <span class='ocrx_word' id='word_1_315' title='bbox 316 2650 528 2711; x_wconf 81' lang='lat' dir='ltr'>(nostrumautem</span> <span class='ocrx_word' id='word_1_316' title='bbox 541 2663 639 2697; x_wconf 81' lang='lat' dir='ltr'>carmen</span> <span class='ocrx_word' id='word_1_317' title='bbox 650 2646 723 2712; x_wconf 90' lang='lat' dir='ltr'>primi</span> <span class='ocrx_word' id='word_1_318' title='bbox 748 2647 876 2712; x_wconf 90' lang='lat' dir='ltr'>sophicum</span> <span class='ocrx_word' id='word_1_319' title='bbox 901 2649 1030 2713; x_wconf 90' lang='lat' dir='ltr'>quemdam</span> <span class='ocrx_word' id='word_1_320' title='bbox 1050 2649 1149 2698; x_wconf 84' lang='lat' dir='ltr'>odorem</span> <span class='ocrx_word' id='word_1_321' title='bbox 1166 2650 1294 2713; x_wconf 84' lang='lat' dir='ltr'>redolere,</span> 
     </span>
     <span class='ocr_line' id='line_1_31' title="bbox 178 2721 1295 2791; baseline 0.004 -17"><span class='ocrx_word' id='word_1_322' title='bbox 178 2731 217 2774; x_wconf 79' lang='lat' dir='ltr'>ost</span> <span class='ocrx_word' id='word_1_323' title='bbox 232 2723 313 2773; x_wconf 73' lang='lat' dir='ltr'>seculi</span> <span class='ocrx_word' id='word_1_324' title='bbox 326 2723 365 2772; x_wconf 85' lang='lat' dir='ltr'>rel</span> <span class='ocrx_word' id='word_1_325' title='bbox 387 2723 488 2773; x_wconf 87' lang='lat' dir='ltr'>secundi</span> <span class='ocrx_word' id='word_1_326' title='bbox 509 2721 662 2787; x_wconf 88' lang='lat' dir='ltr'>incipientis)</span> <span class='ocrx_word' id='word_1_327' title='bbox 682 2738 723 2771; x_wconf 87' lang='lat' dir='ltr'>nc·</span> <span class='ocrx_word' id='word_1_328' title='bbox 749 2722 814 2771; x_wconf 87' lang='lat' dir='ltr'>unde</span> <span class='ocrx_word' id='word_1_329' title='bbox 833 2723 884 2788; x_wconf 87' lang='lat' dir='ltr'>ipse</span> <span class='ocrx_word' id='word_1_330' title='bbox 903 2723 1010 2788; x_wconf 83' lang='lat' dir='ltr'>aliquam</span> <span class='ocrx_word' id='word_1_331' title='bbox 1028 2722 1125 2787; x_wconf 81' lang='lat' dir='ltr'>agnosit</span> <span class='ocrx_word' id='word_1_332' title='bbox 1145 2723 1216 2791; x_wconf 89' lang='lat' dir='ltr'>hujus</span> <span class='ocrx_word' id='word_1_333' title='bbox 1238 2727 1295 2778; x_wconf 89' lang='lat' dir='ltr'>libri</span> 
     </span>
     <span class='ocr_line' id='line_1_32' title="bbox 179 2796 1293 2868; baseline 0.004 -20"><span class='ocrx_word' id='word_1_334' title='bbox 179 2807 291 2850; x_wconf 83' lang='lat' dir='ltr'>cumnt.</span> <span class='ocrx_word' id='word_1_335' title='bbox 305 2798 388 2848; x_wconf 74' lang='lat' dir='ltr'>Altera</span> <span class='ocrx_word' id='word_1_336' title='bbox 398 2810 470 2846; x_wconf 82' lang='lat' dir='ltr'>cansa</span> <span class='ocrx_word' id='word_1_337' title='bbox 480 2807 524 2853; x_wconf 84' lang='lat' dir='ltr'>est.</span> <span class='ocrx_word' id='word_1_338' title='bbox 540 2797 724 2862; x_wconf 88' lang='lat' dir='ltr'>quodomnium</span> <span class='ocrx_word' id='word_1_339' title='bbox 749 2812 806 2846; x_wconf 89' lang='lat' dir='ltr'>oum</span> <span class='ocrx_word' id='word_1_340' title='bbox 828 2796 949 2848; x_wconf 83' lang='lat' dir='ltr'>Prooemio</span> <span class='ocrx_word' id='word_1_341' title='bbox 972 2798 1093 2864; x_wconf 81' lang='lat' dir='ltr'>Sibyllino</span> <span class='ocrx_word' id='word_1_342' title='bbox 1109 2801 1293 2868; x_wconf 78' lang='lat' dir='ltr'>cognationem&#39;3</span> 
     </span>
     <span class='ocr_line' id='line_1_33' title="bbox 178 2871 1295 2942; baseline 0.004 -19"><span class='ocrx_word' id='word_1_343' title='bbox 178 2871 725 2940; x_wconf 77' lang='lat' dir='ltr'>Sibyllistarumsententinprorsusrepugnet,</span> <span class='ocrx_word' id='word_1_344' title='bbox 749 2872 844 2937; x_wconf 83' lang='lat' dir='ltr'>reliqua</span> <span class='ocrx_word' id='word_1_345' title='bbox 862 2890 919 2923; x_wconf 81' lang='lat' dir='ltr'>vero</span> <span class='ocrx_word' id='word_1_346' title='bbox 936 2873 987 2938; x_wconf 89' lang='lat' dir='ltr'>jam</span> <span class='ocrx_word' id='word_1_347' title='bbox 1007 2889 1103 2923; x_wconf 83' lang='lat' dir='ltr'>arersu</span> <span class='ocrx_word' id='word_1_348' title='bbox 1128 2878 1177 2925; x_wconf 78' lang='lat'>430</span> <span class='ocrx_word' id='word_1_349' title='bbox 1197 2893 1295 2942; x_wconf 88' lang='lat' dir='ltr'>prorsus</span> 
     </span>
     <span class='ocr_line' id='line_1_34' title="bbox 176 2947 1295 3015; baseline 0.004 -16"><span class='ocrx_word' id='word_1_350' title='bbox 176 2947 253 2999; x_wconf 79' lang='lat' dir='ltr'>linem</span> <span class='ocrx_word' id='word_1_351' title='bbox 265 2948 574 3013; x_wconf 84' lang='lat' dir='ltr'>mundi.quemtauqnam</span> <span class='ocrx_word' id='word_1_352' title='bbox 587 2948 725 3012; x_wconf 80' lang='lat' dir='ltr'>proximum</span> <span class='ocrx_word' id='word_1_353' title='bbox 749 2947 837 2997; x_wconf 78' lang='lat' dir='ltr'>diversi</span> <span class='ocrx_word' id='word_1_354' title='bbox 861 2965 912 2999; x_wconf 83' lang='lat' dir='ltr'>esse</span> <span class='ocrx_word' id='word_1_355' title='bbox 936 2949 1037 3015; x_wconf 73' lang='lat' dir='ltr'>generis.</span> <span class='ocrx_word' id='word_1_356' title='bbox 1062 2948 1165 2999; x_wconf 83' lang='lat' dir='ltr'>Posthac</span> <span class='ocrx_word' id='word_1_357' title='bbox 1184 2952 1249 3002; x_wconf 80' lang='lat' dir='ltr'>euim</span> <span class='ocrx_word' id='word_1_358' title='bbox 1264 2969 1295 3003; x_wconf 89' lang='lat' dir='ltr'>ue</span> 
     </span>
     <span class='ocr_line' id='line_1_35' title="bbox 179 3023 1293 3090; baseline 0.004 -17"><span class='ocrx_word' id='word_1_359' title='bbox 179 3039 256 3090; x_wconf 81' lang='lat' dir='ltr'>usque</span> <span class='ocrx_word' id='word_1_360' title='bbox 274 3023 423 3090; x_wconf 64' lang='lat' dir='ltr'>predicunt,</span> <span class='ocrx_word' id='word_1_361' title='bbox 445 3023 472 3072; x_wconf 94' lang='lat' dir='ltr'>in</span> <span class='ocrx_word' id='word_1_362' title='bbox 493 3031 589 3072; x_wconf 90' lang='lat' dir='ltr'>tantum</span> <span class='ocrx_word' id='word_1_363' title='bbox 608 3023 725 3087; x_wconf 90' lang='lat' dir='ltr'>temporis</span> <span class='ocrx_word' id='word_1_364' title='bbox 749 3023 852 3087; x_wconf 87' lang='lat' dir='ltr'>speciem</span> <span class='ocrx_word' id='word_1_365' title='bbox 870 3024 969 3088; x_wconf 88' lang='lat' dir='ltr'>quidem</span> <span class='ocrx_word' id='word_1_366' title='bbox 979 3024 1157 3073; x_wconf 81' lang='lat' dir='ltr'>vaticinationis</span> <span class='ocrx_word' id='word_1_367' title='bbox 1167 3025 1293 3090; x_wconf 83' lang='lat' dir='ltr'>allectant,</span> 
     </span>
     <span class='ocr_line' id='line_1_36' title="bbox 177 3097 1293 3164; baseline 0.003 -15"><span class='ocrx_word' id='word_1_368' title='bbox 177 3098 294 3164; x_wconf 61' lang='lat' dir='ltr'>aptium,</span> <span class='ocrx_word' id='word_1_369' title='bbox 307 3114 395 3164; x_wconf 88' lang='lat' dir='ltr'>nempe</span> <span class='ocrx_word' id='word_1_370' title='bbox 411 3097 438 3146; x_wconf 90' lang='lat' dir='ltr'>in</span> <span class='ocrx_word' id='word_1_371' title='bbox 454 3107 547 3164; x_wconf 86' lang='lat' dir='ltr'>septem</span> <span class='ocrx_word' id='word_1_372' title='bbox 569 3097 655 3146; x_wconf 82' lang='lat' dir='ltr'>saecula</span> <span class='ocrx_word' id='word_1_373' title='bbox 671 3113 724 3162; x_wconf 92' lang='lat' dir='ltr'>pro·</span> <span class='ocrx_word' id='word_1_374' title='bbox 748 3112 827 3161; x_wconf 87' lang='lat' dir='ltr'>neque</span> <span class='ocrx_word' id='word_1_375' title='bbox 836 3098 957 3147; x_wconf 85' lang='lat' dir='ltr'>ullatenus</span> <span class='ocrx_word' id='word_1_376' title='bbox 968 3098 1067 3147; x_wconf 87' lang='lat' dir='ltr'>oracula</span> <span class='ocrx_word' id='word_1_377' title='bbox 1079 3114 1130 3146; x_wconf 85' lang='lat' dir='ltr'>esse</span> <span class='ocrx_word' id='word_1_378' title='bbox 1140 3100 1238 3161; x_wconf 73' lang='lat' dir='ltr'>nolunt,</span> <span class='ocrx_word' id='word_1_379' title='bbox 1252 3104 1293 3152; x_wconf 87' lang='lat' dir='ltr'>sed</span> 
     </span>
     <span class='ocr_line' id='line_1_37' title="bbox 164 3168 1293 3238; baseline 0.003 -15"><span class='ocrx_word' id='word_1_380' title='bbox 164 3168 268 3238; x_wconf 75' lang='lat' dir='ltr'>rogari.</span> <span class='ocrx_word' id='word_1_381' title='bbox 280 3172 327 3223; x_wconf 87' lang='lat' dir='ltr'>Cui</span> <span class='ocrx_word' id='word_1_382' title='bbox 346 3171 450 3221; x_wconf 89' lang='lat' dir='ltr'>similem</span> <span class='ocrx_word' id='word_1_383' title='bbox 471 3171 632 3236; x_wconf 85' lang='lat' dir='ltr'>objectionem</span> <span class='ocrx_word' id='word_1_384' title='bbox 652 3188 724 3237; x_wconf 83' lang='lat' dir='ltr'>supra</span> <span class='ocrx_word' id='word_1_385' title='bbox 748 3171 852 3236; x_wconf 77' lang='lat' dir='ltr'>hymnus</span> <span class='ocrx_word' id='word_1_386' title='bbox 867 3171 959 3238; x_wconf 86' lang='lat' dir='ltr'>potius,</span> <span class='ocrx_word' id='word_1_387' title='bbox 971 3173 1067 3236; x_wconf 90' lang='lat' dir='ltr'>qualem</span> <span class='ocrx_word' id='word_1_388' title='bbox 1077 3172 1128 3222; x_wconf 87' lang='lat' dir='ltr'>lere</span> <span class='ocrx_word' id='word_1_389' title='bbox 1138 3173 1228 3224; x_wconf 88' lang='lat' dir='ltr'>librum</span> <span class='ocrx_word' id='word_1_390' title='bbox 1238 3193 1293 3227; x_wconf 82' lang='lat' dir='ltr'>sex-</span> 
     </span>
     <span class='ocr_line' id='line_1_38' title="bbox 175 3246 1292 3316; baseline 0.003 -18"><span class='ocrx_word' id='word_1_391' title='bbox 175 3248 268 3314; x_wconf 81' lang='lat' dir='ltr'>jamad</span> <span class='ocrx_word' id='word_1_392' title='bbox 277 3263 372 3297; x_wconf 81' lang='lat' dir='ltr'>versum</span> <span class='ocrx_word' id='word_1_393' title='bbox 387 3249 433 3297; x_wconf 76' lang='lat'>1³3</span> <span class='ocrx_word' id='word_1_394' title='bbox 443 3247 594 3306; x_wconf 78' lang='lat' dir='ltr'>notavimus,</span> <span class='ocrx_word' id='word_1_395' title='bbox 609 3257 723 3313; x_wconf 86' lang='lat' dir='ltr'>tanquam</span> <span class='ocrx_word' id='word_1_396' title='bbox 747 3256 799 3296; x_wconf 89' lang='lat' dir='ltr'>tum</span> <span class='ocrx_word' id='word_1_397' title='bbox 816 3263 888 3312; x_wconf 90' lang='lat' dir='ltr'>supra</span> <span class='ocrx_word' id='word_1_398' title='bbox 900 3246 1012 3311; x_wconf 80' lang='lat' dir='ltr'>legimus,</span> <span class='ocrx_word' id='word_1_399' title='bbox 1030 3246 1056 3296; x_wconf 93' lang='lat' dir='ltr'>in</span> <span class='ocrx_word' id='word_1_400' title='bbox 1072 3247 1191 3298; x_wconf 85' lang='lat' dir='ltr'>honorem</span> <span class='ocrx_word' id='word_1_401' title='bbox 1212 3251 1292 3316; x_wconf 88' lang='lat' dir='ltr'>primo</span> 
     </span>
     <span class='ocr_line' id='line_1_39' title="bbox 175 3321 1291 3393; baseline 0.003 -20"><span class='ocrx_word' id='word_1_402' title='bbox 175 3322 373 3388; x_wconf 83' lang='lat' dir='ltr'>interpolationis</span> <span class='ocrx_word' id='word_1_403' title='bbox 386 3321 518 3380; x_wconf 72' lang='lat' dir='ltr'>indicium</span> <span class='ocrx_word' id='word_1_404' title='bbox 537 3337 565 3371; x_wconf 83' lang='lat' dir='ltr'>ao</span> <span class='ocrx_word' id='word_1_405' title='bbox 579 3337 674 3372; x_wconf 84' lang='lat' dir='ltr'>necesse</span> <span class='ocrx_word' id='word_1_406' title='bbox 687 3331 723 3372; x_wconf 90' lang='lat' dir='ltr'>est</span> <span class='ocrx_word' id='word_1_407' title='bbox 748 3322 789 3371; x_wconf 88' lang='lat' dir='ltr'>Ilei</span> <span class='ocrx_word' id='word_1_408' title='bbox 804 3322 895 3376; x_wconf 80' lang='lat' dir='ltr'>Patris.</span> <span class='ocrx_word' id='word_1_409' title='bbox 909 3323 997 3372; x_wconf 79' lang='lat' dir='ltr'>deindo</span> <span class='ocrx_word' id='word_1_410' title='bbox 1014 3321 1092 3371; x_wconf 81' lang='lat' dir='ltr'>Patris</span> <span class='ocrx_word' id='word_1_411' title='bbox 1104 3332 1129 3372; x_wconf 93' lang='lat' dir='ltr'>et</span> <span class='ocrx_word' id='word_1_412' title='bbox 1147 3323 1212 3381; x_wconf 89' lang='lat' dir='ltr'>Filii,</span> <span class='ocrx_word' id='word_1_413' title='bbox 1231 3343 1291 3393; x_wconf 90' lang='lat' dir='ltr'>quo-</span> 
     </span>
     <span class='ocr_line' id='line_1_40' title="bbox 176 3397 1290 3463; baseline 0.004 -16"><span class='ocrx_word' id='word_1_414' title='bbox 176 3414 262 3447; x_wconf 89' lang='lat' dir='ltr'>rursus</span> <span class='ocrx_word' id='word_1_415' title='bbox 274 3397 315 3447; x_wconf 88' lang='lat' dir='ltr'>hio</span> <span class='ocrx_word' id='word_1_416' title='bbox 332 3407 428 3461; x_wconf 88' lang='lat' dir='ltr'>tempus</span> <span class='ocrx_word' id='word_1_417' title='bbox 444 3397 509 3446; x_wconf 87' lang='lat' dir='ltr'>idem</span> <span class='ocrx_word' id='word_1_418' title='bbox 524 3397 624 3447; x_wconf 80' lang='lat' dir='ltr'>delinire</span> <span class='ocrx_word' id='word_1_419' title='bbox 636 3398 723 3463; x_wconf 76' lang='lat' dir='ltr'>spuriae</span> <span class='ocrx_word' id='word_1_420' title='bbox 747 3413 801 3445; x_wconf 92' lang='lat' dir='ltr'>rum</span> <span class='ocrx_word' id='word_1_421' title='bbox 818 3397 929 3447; x_wconf 84' lang='lat' dir='ltr'>unanimi</span> <span class='ocrx_word' id='word_1_422' title='bbox 953 3397 1055 3447; x_wconf 87' lang='lat' dir='ltr'>consilio</span> <span class='ocrx_word' id='word_1_423' title='bbox 1082 3406 1178 3448; x_wconf 87' lang='lat' dir='ltr'>creatus</span> <span class='ocrx_word' id='word_1_424' title='bbox 1199 3398 1290 3460; x_wconf 89' lang='lat' dir='ltr'>homo,</span> 
     </span>
     <span class='ocr_line' id='line_1_41' title="bbox 177 3470 1290 3540; baseline 0.002 -16"><span class='ocrx_word' id='word_1_425' title='bbox 177 3472 319 3525; x_wconf 73' lang='lat' dir='ltr'>insertionis</span> <span class='ocrx_word' id='word_1_426' title='bbox 339 3471 385 3522; x_wconf 90' lang='lat' dir='ltr'>sub</span> <span class='ocrx_word' id='word_1_427' title='bbox 405 3470 565 3521; x_wconf 86' lang='lat' dir='ltr'>Constantino</span> <span class='ocrx_word' id='word_1_428' title='bbox 584 3472 616 3521; x_wconf 89' lang='lat' dir='ltr'>ll.</span> <span class='ocrx_word' id='word_1_429' title='bbox 644 3473 723 3536; x_wconf 75' lang='lat' dir='ltr'>ejusve</span> <span class='ocrx_word' id='word_1_430' title='bbox 747 3471 1180 3537; x_wconf 80' lang='lat' dir='ltr'>deluderedcmptuscaniturzetibi</span> <span class='ocrx_word' id='word_1_431' title='bbox 1192 3475 1290 3540; x_wconf 84' lang='lat' dir='ltr'>quidem</span> 
     </span>
     <span class='ocr_line' id='line_1_42' title="bbox 175 3546 1292 3617; baseline 0 -19"><span class='ocrx_word' id='word_1_432' title='bbox 175 3547 364 3609; x_wconf 83' lang='lat' dir='ltr'>successoribus,</span> <span class='ocrx_word' id='word_1_433' title='bbox 381 3555 448 3596; x_wconf 82' lang='lat' dir='ltr'>certe</span> <span class='ocrx_word' id='word_1_434' title='bbox 465 3556 522 3596; x_wconf 84' lang='lat' dir='ltr'>ante</span> <span class='ocrx_word' id='word_1_435' title='bbox 540 3547 653 3596; x_wconf 79' lang='lat' dir='ltr'>secrrlum</span> <span class='ocrx_word' id='word_1_436' title='bbox 670 3547 720 3596; x_wconf 78' lang='lat' dir='ltr'>Ill:</span> <span class='ocrx_word' id='word_1_437' title='bbox 746 3546 902 3612; x_wconf 88' lang='lat' dir='ltr'>casualiquo</span> <span class='ocrx_word' id='word_1_438' title='bbox 925 3546 1034 3597; x_wconf 88' lang='lat' dir='ltr'>narratio</span> <span class='ocrx_word' id='word_1_439' title='bbox 1055 3547 1160 3613; x_wconf 88' lang='lat' dir='ltr'>abrupta</span> <span class='ocrx_word' id='word_1_440' title='bbox 1181 3558 1218 3598; x_wconf 88' lang='lat' dir='ltr'>est</span> <span class='ocrx_word' id='word_1_441' title='bbox 1235 3562 1292 3617; x_wconf 84' lang='lat' dir='ltr'>post</span> 
     </span>
     <span class='ocr_line' id='line_1_43' title="bbox 176 3621 1291 3693; baseline 0.002 -20"><span class='ocrx_word' id='word_1_442' title='bbox 176 3639 237 3673; x_wconf 82' lang='lat' dir='ltr'>nam</span> <span class='ocrx_word' id='word_1_443' title='bbox 250 3623 414 3673; x_wconf 75' lang='lat' dir='ltr'>incolorexto</span> <span class='ocrx_word' id='word_1_444' title='bbox 431 3621 549 3679; x_wconf 87' lang='lat' dir='ltr'>scribens,</span> <span class='ocrx_word' id='word_1_445' title='bbox 564 3630 592 3670; x_wconf 95' lang='lat' dir='ltr'>ut</span> <span class='ocrx_word' id='word_1_446' title='bbox 608 3621 723 3684; x_wconf 77' lang='lat' dir='ltr'>diximus,</span> <span class='ocrx_word' id='word_1_447' title='bbox 747 3621 838 3671; x_wconf 85' lang='lat' dir='ltr'>Christi</span> <span class='ocrx_word' id='word_1_448' title='bbox 861 3622 887 3670; x_wconf 92' lang='lat' dir='ltr'>in</span> <span class='ocrx_word' id='word_1_449' title='bbox 913 3631 991 3672; x_wconf 80' lang='lat' dir='ltr'>terres</span> <span class='ocrx_word' id='word_1_450' title='bbox 1010 3623 1156 3683; x_wconf 70' lang='lat' dir='ltr'>adrentum</span> <span class='ocrx_word' id='word_1_451' title='bbox 1175 3625 1217 3675; x_wconf 86' lang='lat' dir='ltr'>sed</span> <span class='ocrx_word' id='word_1_452' title='bbox 1236 3643 1291 3693; x_wconf 78' lang='lat' dir='ltr'>quas</span> 
     </span>
     <span class='ocr_line' id='line_1_44' title="bbox 177 3696 1291 3764; baseline 0.004 -17"><span class='ocrx_word' id='word_1_453' title='bbox 177 3696 294 3764; x_wconf 81' lang='lat' dir='ltr'>Sibyllini</span> <span class='ocrx_word' id='word_1_454' title='bbox 314 3696 425 3762; x_wconf 86' lang='lat' dir='ltr'>corporis</span> <span class='ocrx_word' id='word_1_455' title='bbox 456 3696 569 3746; x_wconf 86' lang='lat' dir='ltr'>hodierni</span> <span class='ocrx_word' id='word_1_456' title='bbox 595 3696 723 3759; x_wconf 90' lang='lat' dir='ltr'>conditor,</span> <span class='ocrx_word' id='word_1_457' title='bbox 746 3697 845 3752; x_wconf 79' lang='lat' dir='ltr'>desrrnt,</span> <span class='ocrx_word' id='word_1_458' title='bbox 856 3713 885 3746; x_wconf 82' lang='lat' dir='ltr'>ex</span> <span class='ocrx_word' id='word_1_459' title='bbox 895 3696 972 3746; x_wconf 87' lang='lat' dir='ltr'>initiis</span> <span class='ocrx_word' id='word_1_460' title='bbox 981 3698 1132 3761; x_wconf 89' lang='lat' dir='ltr'>sequentinm</span> <span class='ocrx_word' id='word_1_461' title='bbox 1142 3697 1214 3750; x_wconf 87' lang='lat' dir='ltr'>Iacile</span> <span class='ocrx_word' id='word_1_462' title='bbox 1227 3702 1291 3752; x_wconf 88' lang='lat' dir='ltr'>diri-</span> 
     </span>
     <span class='ocr_line' id='line_1_45' title="bbox 175 3769 1147 3838; baseline 0.002 -17"><span class='ocrx_word' id='word_1_463' title='bbox 175 3787 256 3838; x_wconf 76' lang='lat' dir='ltr'>quum</span> <span class='ocrx_word' id='word_1_464' title='bbox 266 3771 357 3822; x_wconf 87' lang='lat' dir='ltr'>librum</span> <span class='ocrx_word' id='word_1_465' title='bbox 366 3786 437 3820; x_wconf 90' lang='lat' dir='ltr'>suum</span> <span class='ocrx_word' id='word_1_466' title='bbox 450 3769 470 3819; x_wconf 97' lang='lat' dir='ltr'>ll</span> <span class='ocrx_word' id='word_1_467' title='bbox 484 3787 513 3820; x_wconf 86' lang='lat' dir='ltr'>ex</span> <span class='ocrx_word' id='word_1_468' title='bbox 530 3770 625 3820; x_wconf 87' lang='lat' dir='ltr'>laciniis</span> <span class='ocrx_word' id='word_1_469' title='bbox 643 3773 722 3822; x_wconf 83' lang='lat' dir='ltr'>octavi</span> <span class='ocrx_word' id='word_1_470' title='bbox 745 3772 837 3821; x_wconf 88' lang='lat' dir='ltr'>nariac</span> <span class='ocrx_word' id='word_1_471' title='bbox 847 3781 900 3822; x_wconf 90' lang='lat' dir='ltr'>tuto</span> <span class='ocrx_word' id='word_1_472' title='bbox 909 3771 1025 3822; x_wconf 88' lang='lat' dir='ltr'>affirmari</span> <span class='ocrx_word' id='word_1_473' title='bbox 1038 3782 1147 3837; x_wconf 88' lang='lat' dir='ltr'>possunt.</span> 
     </span>
     <span class='ocr_line' id='line_1_46' title="bbox 175 3845 1293 3916; baseline 0.005 -19"><span class='ocrx_word' id='word_1_474' title='bbox 175 3846 237 3897; x_wconf 89' lang='lat' dir='ltr'>libri</span> <span class='ocrx_word' id='word_1_475' title='bbox 259 3855 338 3897; x_wconf 92' lang='lat' dir='ltr'>totum</span> <span class='ocrx_word' id='word_1_476' title='bbox 355 3845 406 3895; x_wconf 87' lang='lat' dir='ltr'>lere</span> <span class='ocrx_word' id='word_1_477' title='bbox 419 3846 458 3896; x_wconf 86' lang='lat' dir='ltr'>vel</span> <span class='ocrx_word' id='word_1_478' title='bbox 477 3846 607 3896; x_wconf 89' lang='lat' dir='ltr'>dimidium</span> <span class='ocrx_word' id='word_1_479' title='bbox 625 3862 722 3896; x_wconf 81' lang='lat' dir='ltr'>consor·</span> <span class='ocrx_word' id='word_1_480' title='bbox 781 3849 838 3903; x_wconf 68' lang='lat'>440,</span> <span class='ocrx_word' id='word_1_481' title='bbox 852 3863 904 3913; x_wconf 87' lang='lat' dir='ltr'>sqq.</span> <span class='ocrx_word' id='word_1_482' title='bbox 919 3847 961 3897; x_wconf 83' lang='lat' dir='ltr'>Est</span> <span class='ocrx_word' id='word_1_483' title='bbox 970 3847 1011 3896; x_wconf 86' lang='lat' dir='ltr'>hic</span> <span class='ocrx_word' id='word_1_484' title='bbox 1021 3848 1088 3896; x_wconf 89' lang='lat' dir='ltr'>locus</span> <span class='ocrx_word' id='word_1_485' title='bbox 1096 3849 1169 3914; x_wconf 85' lang='lat' dir='ltr'>plane</span> <span class='ocrx_word' id='word_1_486' title='bbox 1177 3851 1293 3916; x_wconf 78' lang='lat' dir='ltr'>gemellus</span> 
     </span>
     <span class='ocr_line' id='line_1_47' title="bbox 174 3919 1292 3989; baseline 0.004 -17"><span class='ocrx_word' id='word_1_487' title='bbox 174 3921 285 3980; x_wconf 70' lang='lat' dir='ltr'>cineret,</span> <span class='ocrx_word' id='word_1_488' title='bbox 298 3922 360 3972; x_wconf 91' lang='lat' dir='ltr'>duos</span> <span class='ocrx_word' id='word_1_489' title='bbox 371 3920 445 3971; x_wconf 85' lang='lat' dir='ltr'>hosce</span> <span class='ocrx_word' id='word_1_490' title='bbox 461 3937 544 3971; x_wconf 81' lang='lat' dir='ltr'>serstrs</span> <span class='ocrx_word' id='word_1_491' title='bbox 563 3921 627 3970; x_wconf 87' lang='lat' dir='ltr'>inter</span> <span class='ocrx_word' id='word_1_492' title='bbox 642 3930 723 3971; x_wconf 82' lang='lat' dir='ltr'>cetera</span> <span class='ocrx_word' id='word_1_493' title='bbox 747 3919 783 3969; x_wconf 95' lang='lat' dir='ltr'>illi</span> <span class='ocrx_word' id='word_1_494' title='bbox 796 3937 870 3986; x_wconf 88' lang='lat' dir='ltr'>quem</span> <span class='ocrx_word' id='word_1_495' title='bbox 888 3927 960 3989; x_wconf 81' lang='lat' dir='ltr'>supra</span> <span class='ocrx_word' id='word_1_496' title='bbox 978 3938 1023 3972; x_wconf 87' lang='lat' dir='ltr'>nec</span> <span class='ocrx_word' id='word_1_497' title='bbox 1042 3923 1119 3973; x_wconf 91' lang='lat' dir='ltr'>multo</span> <span class='ocrx_word' id='word_1_498' title='bbox 1138 3935 1195 3975; x_wconf 78' lang='lat' dir='ltr'>ante</span> <span class='ocrx_word' id='word_1_499' title='bbox 1208 3926 1234 3976; x_wconf 91' lang='lat' dir='ltr'>in</span> <span class='ocrx_word' id='word_1_500' title='bbox 1252 3927 1292 3977; x_wconf 89' lang='lat' dir='ltr'>di·</span> 
     </span>
     <span class='ocr_line' id='line_1_48' title="bbox 174 3994 1290 4065; baseline 0.004 -18"><span class='ocrx_word' id='word_1_501' title='bbox 174 3995 312 4061; x_wconf 65' lang='lat' dir='ltr'>fragmenta</span> <span class='ocrx_word' id='word_1_502' title='bbox 332 3995 390 4045; x_wconf 88' lang='lat' dir='ltr'>illuc</span> <span class='ocrx_word' id='word_1_503' title='bbox 412 3994 525 4055; x_wconf 86' lang='lat' dir='ltr'>admisit,</span> <span class='ocrx_word' id='word_1_504' title='bbox 552 3997 674 4061; x_wconf 57' lang='lat' dir='ltr'>erasm,</span> <span class='ocrx_word' id='word_1_505' title='bbox 698 4005 725 4045; x_wconf 88' lang='lat' dir='ltr'>et</span> <span class='ocrx_word' id='word_1_506' title='bbox 747 4012 814 4045; x_wconf 83' lang='lat' dir='ltr'>versa</span> <span class='ocrx_word' id='word_1_507' title='bbox 834 3997 907 4063; x_wconf 87' lang='lat' dir='ltr'>hujus</span> <span class='ocrx_word' id='word_1_508' title='bbox 928 3997 985 4047; x_wconf 90' lang='lat' dir='ltr'>libri</span> <span class='ocrx_word' id='word_1_509' title='bbox 1010 3998 1116 4048; x_wconf 88' lang='lat' dir='ltr'>sectione</span> <span class='ocrx_word' id='word_1_510' title='bbox 1139 4000 1290 4065; x_wconf 76' lang='lat' dir='ltr'>legebamus,</span> 
     </span>
     <span class='ocr_line' id='line_1_49' title="bbox 171 4069 1290 4137; baseline 0.007 -18"><span class='ocrx_word' id='word_1_511' title='bbox 171 4071 275 4137; x_wconf 87' lang='lat' dir='ltr'>quidem</span> <span class='ocrx_word' id='word_1_512' title='bbox 288 4086 344 4124; x_wconf 90' lang='lat' dir='ltr'>cum</span> <span class='ocrx_word' id='word_1_513' title='bbox 357 4069 481 4137; x_wconf 90' lang='lat' dir='ltr'>prioribus</span> <span class='ocrx_word' id='word_1_514' title='bbox 494 4070 602 4119; x_wconf 77' lang='lat' dir='ltr'>versibus</span> <span class='ocrx_word' id='word_1_515' title='bbox 616 4071 650 4120; x_wconf 86' lang='lat' dir='ltr'>its</span> <span class='ocrx_word' id='word_1_516' title='bbox 664 4086 723 4119; x_wconf 89' lang='lat' dir='ltr'>cou-</span> <span class='ocrx_word' id='word_1_517' title='bbox 747 4073 804 4128; x_wconf 76' lang='lat' dir='ltr'>nol.</span> <span class='ocrx_word' id='word_1_518' title='bbox 818 4087 887 4137; x_wconf 86' lang='lat' dir='ltr'>sqq.;</span> <span class='ocrx_word' id='word_1_519' title='bbox 904 4087 948 4121; x_wconf 88' lang='lat' dir='ltr'>uec</span> <span class='ocrx_word' id='word_1_520' title='bbox 964 4089 1046 4122; x_wconf 85' lang='lat' dir='ltr'>sensus</span> <span class='ocrx_word' id='word_1_521' title='bbox 1060 4075 1133 4124; x_wconf 89' lang='lat' dir='ltr'>modo</span> <span class='ocrx_word' id='word_1_522' title='bbox 1153 4075 1233 4137; x_wconf 88' lang='lat' dir='ltr'>idem,</span> <span class='ocrx_word' id='word_1_523' title='bbox 1249 4078 1290 4127; x_wconf 90' lang='lat' dir='ltr'>sed</span> 
     </span>
     <span class='ocr_line' id='line_1_50' title="bbox 173 4144 1291 4214; baseline 0.005 -17"><span class='ocrx_word' id='word_1_524' title='bbox 173 4160 266 4203; x_wconf 71' lang='lat' dir='ltr'>nexos,</span> <span class='ocrx_word' id='word_1_525' title='bbox 279 4146 344 4210; x_wconf 89' lang='lat' dir='ltr'>quod</span> <span class='ocrx_word' id='word_1_526' title='bbox 360 4145 439 4211; x_wconf 88' lang='lat' dir='ltr'>ipsum</span> <span class='ocrx_word' id='word_1_527' title='bbox 454 4144 516 4194; x_wconf 85' lang='lat' dir='ltr'>bone</span> <span class='ocrx_word' id='word_1_528' title='bbox 532 4146 679 4203; x_wconf 86' lang='lat' dir='ltr'>notandum,</span> <span class='ocrx_word' id='word_1_529' title='bbox 695 4155 723 4195; x_wconf 90' lang='lat' dir='ltr'>ut</span> <span class='ocrx_word' id='word_1_530' title='bbox 746 4147 829 4195; x_wconf 83' lang='lat' dir='ltr'>eadem</span> <span class='ocrx_word' id='word_1_531' title='bbox 837 4162 912 4212; x_wconf 90' lang='lat' dir='ltr'>prope</span> <span class='ocrx_word' id='word_1_532' title='bbox 919 4147 992 4197; x_wconf 83' lang='lat' dir='ltr'>rerba</span> <span class='ocrx_word' id='word_1_533' title='bbox 1004 4159 1176 4214; x_wconf 79' lang='lat' dir='ltr'>agnoscuntur.</span> <span class='ocrx_word' id='word_1_534' title='bbox 1187 4151 1291 4203; x_wconf 80' lang='lat' dir='ltr'>Cuiuam</span> 
     </span>
     <span class='ocr_line' id='line_1_51' title="bbox 172 4219 1290 4292; baseline 0.006 -23"><span class='ocrx_word' id='word_1_535' title='bbox 172 4235 239 4286; x_wconf 64' lang='lat' dir='ltr'>agre</span> <span class='ocrx_word' id='word_1_536' title='bbox 250 4219 281 4270; x_wconf 83' lang='lat' dir='ltr'>ab</span> <span class='ocrx_word' id='word_1_537' title='bbox 294 4219 325 4268; x_wconf 88' lang='lat' dir='ltr'>iis</span> <span class='ocrx_word' id='word_1_538' title='bbox 335 4219 442 4285; x_wconf 86' lang='lat' dir='ltr'>separari</span> <span class='ocrx_word' id='word_1_539' title='bbox 454 4219 554 4284; x_wconf 77' lang='lat' dir='ltr'>possint.</span> <span class='ocrx_word' id='word_1_540' title='bbox 747 4220 820 4285; x_wconf 74' lang='lat' dir='ltr'>igitur</span> <span class='ocrx_word' id='word_1_541' title='bbox 832 4221 962 4270; x_wconf 84' lang='lat' dir='ltr'>obscurum</span> <span class='ocrx_word' id='word_1_542' title='bbox 977 4232 1020 4272; x_wconf 88' lang='lat' dir='ltr'>aut</span> <span class='ocrx_word' id='word_1_543' title='bbox 1037 4223 1139 4274; x_wconf 90' lang='lat' dir='ltr'>dubium</span> <span class='ocrx_word' id='word_1_544' title='bbox 1158 4225 1189 4275; x_wconf 90' lang='lat' dir='ltr'>sit</span> <span class='ocrx_word' id='word_1_545' title='bbox 1203 4227 1290 4292; x_wconf 91' lang='lat' dir='ltr'>nequi·</span> 
     </span>
     <span class='ocr_line' id='line_1_52' title="bbox 211 4293 1291 4361; baseline 0.006 -16"><span class='ocrx_word' id='word_1_546' title='bbox 211 4297 268 4345; x_wconf 72' lang='lat' dir='ltr'>soa.</span> <span class='ocrx_word' id='word_1_547' title='bbox 287 4293 354 4344; x_wconf 89' lang='lat' dir='ltr'>Istud</span> <span class='ocrx_word' id='word_1_548' title='bbox 370 4293 502 4344; x_wconf 72' lang='lat' dir='ltr'>incruento</span> <span class='ocrx_word' id='word_1_549' title='bbox 516 4308 604 4342; x_wconf 81' lang='lat' dir='ltr'>mensas</span> <span class='ocrx_word' id='word_1_550' title='bbox 616 4309 723 4361; x_wconf 80' lang='lat' dir='ltr'>procep-</span> <span class='ocrx_word' id='word_1_551' title='bbox 746 4296 807 4344; x_wconf 87' lang='lat' dir='ltr'>visse</span> <span class='ocrx_word' id='word_1_552' title='bbox 823 4303 873 4344; x_wconf 89' lang='lat' dir='ltr'>tam</span> <span class='ocrx_word' id='word_1_553' title='bbox 888 4311 964 4361; x_wconf 81' lang='lat' dir='ltr'>porro</span> <span class='ocrx_word' id='word_1_554' title='bbox 979 4296 1108 4348; x_wconf 76' lang='lat' dir='ltr'>intervallo</span> <span class='ocrx_word' id='word_1_555' title='bbox 1121 4299 1196 4349; x_wconf 88' lang='lat' dir='ltr'>relabi</span> <span class='ocrx_word' id='word_1_556' title='bbox 1211 4300 1237 4349; x_wconf 88' lang='lat' dir='ltr'>in</span> <span class='ocrx_word' id='word_1_557' title='bbox 1248 4316 1291 4351; x_wconf 85' lang='lat' dir='ltr'>sua</span> 
     </span>
     <span class='ocr_line' id='line_1_53' title="bbox 175 4367 1290 4439; baseline 0.007 -21"><span class='ocrx_word' id='word_1_558' title='bbox 175 4379 232 4421; x_wconf 79' lang='lat' dir='ltr'>tuns</span> <span class='ocrx_word' id='word_1_559' title='bbox 249 4384 300 4418; x_wconf 90' lang='lat' dir='ltr'>uon</span> <span class='ocrx_word' id='word_1_560' title='bbox 320 4367 421 4419; x_wconf 82' lang='lat' dir='ltr'>minima</span> <span class='ocrx_word' id='word_1_561' title='bbox 443 4367 513 4418; x_wconf 87' lang='lat' dir='ltr'>nobis</span> <span class='ocrx_word' id='word_1_562' title='bbox 525 4383 596 4417; x_wconf 84' lang='lat' dir='ltr'>causa</span> <span class='ocrx_word' id='word_1_563' title='bbox 615 4368 662 4418; x_wconf 91' lang='lat' dir='ltr'>luit</span> <span class='ocrx_word' id='word_1_564' title='bbox 678 4385 722 4418; x_wconf 89' lang='lat' dir='ltr'>cur</span> <span class='ocrx_word' id='word_1_565' title='bbox 746 4369 845 4435; x_wconf 74' lang='lat' dir='ltr'>vestigia</span> <span class='ocrx_word' id='word_1_566' title='bbox 857 4380 999 4431; x_wconf 84' lang='lat' dir='ltr'>auctorem,</span> <span class='ocrx_word' id='word_1_567' title='bbox 1020 4373 1129 4439; x_wconf 87' lang='lat' dir='ltr'>quisquis</span> <span class='ocrx_word' id='word_1_568' title='bbox 1152 4373 1212 4434; x_wconf 85' lang='lat' dir='ltr'>luit,</span> <span class='ocrx_word' id='word_1_569' title='bbox 1232 4376 1290 4426; x_wconf 91' lang='lat' dir='ltr'>libri</span> 
     </span>
     <span class='ocr_line' id='line_1_54' title="bbox 175 4441 1291 4515; baseline 0.005 -20"><span class='ocrx_word' id='word_1_570' title='bbox 175 4444 245 4495; x_wconf 84' lang='lat' dir='ltr'>hunc</span> <span class='ocrx_word' id='word_1_571' title='bbox 258 4441 349 4495; x_wconf 89' lang='lat' dir='ltr'>librum</span> <span class='ocrx_word' id='word_1_572' title='bbox 363 4453 388 4493; x_wconf 84' lang='lat' dir='ltr'>et</span> <span class='ocrx_word' id='word_1_573' title='bbox 400 4444 449 4494; x_wconf 88' lang='lat' dir='ltr'>duo</span> <span class='ocrx_word' id='word_1_574' title='bbox 458 4453 559 4509; x_wconf 75' lang='lat' dir='ltr'>cognata</span> <span class='ocrx_word' id='word_1_575' title='bbox 571 4443 593 4493; x_wconf 88' lang='lat' dir='ltr'>ei</span> <span class='ocrx_word' id='word_1_576' title='bbox 604 4444 721 4505; x_wconf 86' lang='lat' dir='ltr'>carmina,</span> <span class='ocrx_word' id='word_1_577' title='bbox 746 4444 818 4501; x_wconf 85' lang='lat' dir='ltr'>Vlll,</span> <span class='ocrx_word' id='word_1_578' title='bbox 842 4445 858 4509; x_wconf 78' lang='grc'>5</span> <span class='ocrx_word' id='word_1_579' title='bbox 883 4454 911 4504; x_wconf 80' lang='lat' dir='ltr'>t;</span> <span class='ocrx_word' id='word_1_580' title='bbox 932 4446 1035 4512; x_wconf 86' lang='lat' dir='ltr'>ideoque</span> <span class='ocrx_word' id='word_1_581' title='bbox 1054 4465 1103 4497; x_wconf 90' lang='lat' dir='ltr'>nou</span> <span class='ocrx_word' id='word_1_582' title='bbox 1120 4464 1189 4515; x_wconf 83' lang='lat' dir='ltr'>posse</span> <span class='ocrx_word' id='word_1_583' title='bbox 1208 4451 1291 4500; x_wconf 81' lang='lat' dir='ltr'>smbss</span> 
     </span>
    </p>
   </div>
   <div class='ocr_carea' id='block_1_3' title="bbox 0 0 1598 5310">
    <p class='ocr_par' dir='ltr' id='par_1_3' title="bbox 0 0 1598 5310">
     <span class='ocr_line' id='line_1_55' title="bbox 0 0 1598 5310; baseline 0 0"><span class='ocrx_word' id='word_1_584' title='bbox 0 0 1598 5310; x_wconf 95' lang='lat' dir='ltr'> </span> 
     </span>
    </p>
   </div>
  </div>
 </body>
</html>
