3186 5310
495 427 773 492 sisttunoasnt
796 431 867 492 tls.
890 428 927 490 V.
1018 511 1030 536 ·

53 629 58 634 ¹
144 555 210 630 doo
233 557 261 618 A
278 561 395 624 sanetis
406 560 559 649 positum,
571 563 650 653 quin
662 580 695 628 et
706 563 774 629 sine
787 563 850 628 fine
865 563 1005 627 futurum

233 664 280 729 Ex
293 665 398 732 animo
410 670 572 758 quondam
584 688 746 761 speratum
760 689 793 736 et
806 694 942 760 corpore
954 684 1037 734 toto.

234 771 362 863 Quippe
374 798 433 840 nec
450 776 502 841 illa
518 778 614 843 sacris
626 778 770 869 figlinum
788 802 907 842 numen
923 777 1047 841 adorat

230 878 316 945 Gens
326 882 389 972 pia,
407 908 465 949 nec
479 885 618 975 lapidem
630 887 800 976 sculptoris
814 888 855 951 ab
869 902 937 950 arte
949 897 1125 962 recentem,

233 989 297 1052 Aut
313 1013 439 1074 aurum,
457 1010 512 1057 ant
530 993 685 1083 quidquid
703 993 850 1059 mortalia
870 1008 1001 1081 pectora
1016 987 1109 1055 fallit.

144 1091 211 1170 405
235 1094 297 1159 Sed
312 1096 366 1184 qui
384 1099 517 1164 caelestis
528 1100 626 1165 vitam
640 1119 731 1191 pater
744 1101 896 1166 omnibus
913 1098 1014 1179 alllat,
1060 1133 1068 1147 ·

232 1200 326 1266 Hunc
339 1227 439 1268 unum
450 1206 581 1270 coluere
597 1208 693 1272 sacris
710 1207 863 1298 purisque
876 1201 1091 1270 hecatombis.

232 1308 275 1370 At
288 1331 373 1374 nnnc
387 1335 560 1401 exsurgens
573 1313 659 1378 illam
673 1338 730 1379 rex
741 1312 857 1403 impius
870 1312 971 1378 aedem

231 1412 271 1476 Vi
284 1415 387 1479 subita
401 1417 583 1505 prostravit,
602 1419 891 1508 inexstructamqne
906 1414 1055 1505 reliquit,
1103 1500 1105 1512 .

232 1522 367 1609 Agmine
384 1524 517 1615 stipatus
529 1527 630 1592 multo
645 1527 845 1616 ducibusque
859 1524 1028 1617 superbis:

102 1702 117 1727 ο
143 1643 208 1704 410
233 1628 297 1708 Qui
315 1646 421 1694 tamen
434 1647 585 1697 aeternam
600 1633 651 1697 vix
663 1648 781 1698 terrain
797 1633 957 1721 ingressus
972 1627 1089 1710 obivit3

230 1733 299 1797 Nec
319 1735 381 1799 tale
397 1738 559 1802 exstiterat
574 1739 699 1828 signnm
712 1737 904 1803 mortalibus
918 1757 1072 1824 nuquam,

230 1838 280 1903 Ne
291 1838 362 1927 quis
375 1840 514 1905 divinam
528 1843 622 1907 vellet
636 1842 821 1932 popularier
831 1844 957 1910 urbem.

274 1945 371 2010 Venit
382 1945 467 2011 enim
482 1947 548 2012 caeti
567 1947 614 2013 vir
628 1948 757 2037 quidam
772 1973 812 2013 ex
826 1971 898 2012 arce
910 1948 1036 2027 beatus,

231 2051 362 2141 Sceptra
377 2075 491 2140 gerens
507 2055 654 2118 tradente
668 2057 749 2133 Deo,
767 2071 799 2118 et
812 2052 993 2119 victricibus
1007 2049 1106 2115 armis

142 2156 206 2237 4¹5
231 2159 334 2222 Obvia
348 2182 483 2249 quaeque
502 2185 609 2226 ruens.
627 2161 687 2225 llic
700 2161 847 2251 protinus
865 2159 973 2224 omnia
987 2157 1082 2244 justis

230 2265 396 2350 Restituit,
415 2292 622 2357 quaecumque
636 2267 723 2358 prins
740 2267 801 2332 sibi
815 2284 906 2358 rapta
922 2266 1088 2330 dolebant.

230 2374 302 2461 lpse
314 2397 429 2438 omnes
443 2374 562 2465 rapidis
579 2375 721 2440 addictas
734 2375 860 2463 ignibus
875 2375 973 2439 urbes

230 2481 271 2543 Et
287 2504 510 2568 perversorum
527 2506 626 2571 genus
642 2482 751 2546 obruit
768 2505 864 2546 omne
886 2479 1041 2554 virorum,

231 2583 452 2674 Dilectamque
467 2588 536 2651 Deo
554 2588 722 2652 subliment
738 2585 1022 2662 condiditurbem,

141 2695 207 2770 420
230 2692 311 2774 Quae
326 2691 394 2756 sole
411 2708 445 2756 et
460 2694 533 2759 luna
551 2694 664 2759 melius
678 2694 842 2783 stellisque
855 2692 998 2758 micaret.

195 2841 197 2847 r
230 2798 321 2862 Hanc
334 2797 424 2864 miris
443 2824 558 2865 ornare
576 2800 694 2884 modis,
708 2799 754 2864 ibi
764 2799 902 2865 condere
915 2797 1073 2888 templum

229 2907 429 2994 Corporeum
445 2906 555 2990 voluit,
568 2932 633 2997 quo
646 2932 712 2973 non
728 2908 928 2997 praestantius
942 2906 1055 2984 ullum,

230 3012 271 3076 Et
288 3014 401 3077 turrim
418 3014 528 3081 stadiis
545 3015 745 3097 immensam,
762 3014 868 3079 fronte
886 3030 1050 3104 petentem

230 3118 361 3200 Nubila,
378 3119 582 3209 conspicuam
596 3121 730 3198 cunctis,
749 3136 784 3185 ut
795 3144 911 3209 nempe
925 3119 1068 3184 viderent

142 3224 205 3303 425
230 3225 372 3290 Arrectis
390 3250 501 3291 omues
516 3226 617 3293 oculis
630 3227 707 3315 justi
723 3244 817 3316 atque
831 3225 942 3291 fideles
1047 3213 1053 3229 ⁸

230 3331 379 3396 Numinis
398 3331 507 3397 aeterni
523 3333 621 3398 decus
639 3350 849 3422 optatumque
867 3330 1081 3419 triumphum.

228 3438 315 3526 Ergo
330 3437 389 3503 Dei
404 3437 514 3504 laudes
530 3440 695 3504 celebrant
711 3423 842 3504 occasus
858 3454 890 3502 et
904 3454 1005 3502 ortus.

229 3544 313 3609 Nam
330 3567 436 3634 neque
448 3548 515 3632 jam
531 3545 652 3636 species
667 3545 857 3611 mortalibus
871 3545 936 3611 ulla
953 3543 1125 3623 malorum,

229 3649 298 3716 Nee
317 3673 396 3739 vaga
413 3651 581 3735 adulteria,
598 3668 652 3716 aut
667 3651 775 3742 pueris
792 3650 908 3718 infesta
927 3650 1041 3731 libido,

140 3756 206 3836 430
229 3757 261 3822 N
262 3781 300 3822 ec
314 3757 417 3823 caedes
429 3757 544 3823 rixoeve
558 3780 688 3847 graves,
707 3776 831 3823 certare
845 3757 986 3848 placebit

229 3863 367 3932 Justitiae
380 3881 505 3931 tantum
520 3865 640 3935 studio.
659 3867 752 3932 Tunc
767 3865 880 3931 ultima
893 3864 1010 3932 sanctis

228 3971 403 4062 Tempora,
421 3995 522 4062 qnnm
538 3971 628 4038 dabit
645 3972 715 4038 lraec
732 3996 854 4063 magnae
869 3996 925 4038 rex
941 3969 1089 4038 conditor
1103 3967 1190 4034 oedis.
1295 4047 1297 4053 ἲ

175 4142 284 4207 ttt,1q.
304 4139 369 4190 urat
387 4138 433 4191 hos
450 4140 499 4190 duo
516 4157 599 4191 venus
614 4142 681 4192 lact.
749 4144 807 4194 ⁴21.
826 4141 903 4193 chd.
918 4140 979 4192 aas
994 4138 1121 4200 omittunt,
1134 4135 1176 4187 ubi
1190 4134 1257 4186 Cast.

140 4212 202 4274 Vll,
222 4231 277 4281 sap.
298 4219 344 4274 tt;
360 4215 445 4266 scribit
464 4224 545 4266 autem
563 4217 590 4266 in
609 4215 684 4282 hujus
713 4217 803 4283 econj.
818 4217 877 4267 ναόν
892 4231 955 4266 :nos
966 4230 1031 4265 corr.

139 4289 230 4355 medio,
245 4291 309 4341 sicut
324 4289 351 4340 in
364 4291 419 4351 fine,
436 4291 544 4352 incluse,
558 4308 587 4342 sc
597 4291 684 4343 deiude
749 4295 806 4343 tas.
827 4291 942 4342 Coddsd
951 4307 1000 4340 uon
1012 4289 1136 4340 habebant
1146 4285 1259 4353 :supple-

140 4366 218 4426 αὐτὴν
229 4382 275 4434 pro
286 4366 389 4426 ταύτην.
716 4367 751 4417 vit
764 4367 829 4418 Cast.
844 4383 858 4417 e
868 4367 932 4432 conj.

174 4444 231 4493 42⁰.
251 4442 308 4493 Post
325 4440 434 4510 ἄστρων,
449 4442 517 4494 Laet.
534 4460 561 4494 aa
575 4459 625 4494 uon
638 4444 684 4495 hn-
750 4445 807 4492 429.
827 4441 863 4491 Ex
874 4440 1013 4509 Phccylide,
1029 4457 1053 4490 s.
1070 4445 1091 4489 t.

140 4515 190 4568 1³²¹·
750 4520 807 4568 tat.
826 4517 903 4569 Ccdd.
920 4519 958 4568 dat
971 4517 1036 4567 αὐτὰ
1047 4532 1054 4565 :
1066 4530 1131 4566 corr.
1145 4511 1203 4580 Ops.
