3186 5310
499 439 781 508 sternutuonuu
801 440 873 502 tut.
896 443 918 502 t.
1011 399 1013 403 ’
1095 421 1099 435 '

236 571 262 636 F
263 588 315 636 atu
330 571 430 637 tulere
443 572 600 650 homines,
619 590 652 637 et
667 597 722 663 spe
737 590 875 662 votoque
888 573 981 662 potiri
994 598 1001 656 ;

149 677 212 742 265
236 678 330 743 Unde
344 702 418 744 suos
436 679 545 767 ingens
555 682 694 770 erumpit
704 683 831 770 Marsya
845 680 961 745 fontes.

238 787 340 871 Hujus
354 786 385 852 in
398 787 525 851 excelso
541 805 725 876 postquam,
743 780 939 852 cessantibus
954 787 1061 866 undis,

236 893 386 957 Constitit
401 918 473 959 arca
487 896 578 984 jugo,
593 911 661 958 tum
674 919 783 958 rursus
801 896 841 958 alt
858 896 974 959 rctltere
991 920 1117 961 summo

236 998 365 1065 Grande
381 1025 495 1066 sonans
511 1000 618 1090 magni
637 1025 698 1065 vox
713 1019 762 1065 est
775 1002 880 1066 audita
894 1003 1035 1090 parentis
1055 1028 1063 1068 ι
1091 1068 1092 1072 ,

280 1107 353 1172 Noe
370 1108 483 1191 ftdelis,
501 1133 610 1172 ainans
625 1107 719 1197 requi,
735 1127 856 1172 servate
871 1108 1010 1198 periclis,

148 1238 212 1302 270
238 1214 400 1302 Egredere
417 1217 586 1293 audenter,
607 1215 697 1279 simul
714 1231 745 1278 ct
762 1240 835 1280 cum
852 1219 985 1306 conjuge
1001 1219 1080 1296 nati,

235 1324 261 1384 T
262 1344 377 1410 resque
393 1347 511 1388 nurus:
527 1341 558 1386 et
577 1346 631 1386 tos
644 1322 817 1387 terraeloca
835 1340 918 1387 vasta
932 1323 1065 1414 replete,

234 1430 371 1494 Crescite
387 1429 551 1519 multiplici
566 1454 713 1516 numero,
728 1447 913 1519 sacrataque
923 1433 995 1518 jura

234 1537 363 1601 Tradite
381 1555 529 1602 natorum
544 1538 639 1615 nutis,
653 1538 729 1602 dum
741 1537 863 1604 venerit
875 1539 954 1602 hora

232 1642 361 1721 ludicii,
379 1644 531 1733 quoniam
547 1643 653 1709 cuncti
668 1646 727 1709 sub
739 1644 847 1731 judice
862 1644 987 1713 sistent.

145 1750 208 1838 275
277 1751 328 1815 Sic
342 1775 420 1817 voce
435 1751 594 1816 ambrosia
612 1753 707 1817 fatur.
726 1753 814 1817 Citus
832 1753 884 1816 ille
902 1752 1000 1818 cubili

233 1858 346 1922 Exsilit
361 1858 400 1922 ad
416 1876 549 1940 terram;
566 1882 692 1925 necnon
708 1859 838 1948 natique
851 1883 1012 1948 nurusque

231 1966 272 2028 Et
283 1969 396 2051 conjux
409 1993 416 2041 ;
434 1990 560 2031 necnon
571 1983 733 2055 serpentes
746 1983 840 2055 atque
853 1967 1010 2043 volucres,

232 2073 487 2163 Quadrupedum
501 2072 727 2162 pecudumque
743 2096 859 2161 genus3
878 2091 945 2139 tum
960 2092 1065 2153 cetera
1079 2092 1191 2139 cuncta

231 2180 278 2243 Ex
294 2203 367 2244 arca
384 2180 537 2244 interiore
552 2180 661 2245 locum
678 2179 885 2268 egrediuntur
901 2182 933 2244 in
945 2205 1056 2246 unum.

144 2283 208 2349 280
231 2284 355 2350 Prodiit
368 2303 509 2369 octavus,
526 2288 631 2352 cultor
646 2285 815 2351 fidissimus
833 2286 926 2376 requi,

230 2394 339 2475 Quum
354 2392 404 2457 bis
417 2393 543 2458 vicenas
559 2393 593 2458 in
608 2394 699 2483 aquis
711 2411 806 2481 atque
822 2395 949 2485 insuper
960 2419 1056 2459 unam

229 2500 299 2565 Noe
314 2500 398 2566 diem
412 2502 529 2592 egisset
547 2530 554 2566 :
573 2501 617 2567 sic
631 2501 695 2565 fata
710 2525 857 2590 suprema
875 2501 1033 2569 ferebant.

274 2607 358 2674 Hinc
373 2630 455 2673 nota
472 2608 654 2698 progenies,
671 2609 746 2673 ltine
765 2625 841 2691 aetus
853 2633 949 2674 aurea
966 2609 1067 2699 prima

229 2717 348 2780 Exorta
364 2734 412 2781 est
433 2717 611 2801 hominum,
632 2741 703 2806 quae
718 2716 845 2782 ducitur
862 2716 974 2781 ordine
989 2736 1093 2797 sexta3

141 2820 204 2886 285
229 2824 358 2912 Optima
371 2842 446 2913 pust
459 2824 606 2890 homines
620 2841 727 2904 natos,
744 2840 777 2889 et
789 2824 920 2889 nomine
936 2824 1022 2891 dictu

228 2930 389 2996 Caelestis:
412 2933 531 3022 quippe
546 2932 629 2997 hanc
642 2955 782 3021 praesens
797 2933 884 2997 Deus
899 2931 968 3023 ipse
985 2932 1116 2998 fovebit.

227 3037 326 3101 oaevi
342 3039 421 3103 sexti
435 3063 513 3128 gens
529 3039 648 3129 prima!
672 3063 691 3101 o
707 3062 823 3128 magna
838 3039 998 3129 voluptas,

227 3145 298 3226 Qua
315 3146 443 3234 perfusa
458 3146 516 3229 fui,
534 3164 704 3235 postquam
719 3145 902 3211 discrimina
917 3146 1029 3210 mortis

225 3250 342 3340 Effugi,
355 3256 471 3339 jactata
485 3277 559 3318 meo
572 3276 644 3316 cum
659 3257 805 3340 conjuge,
821 3276 946 3316 necnon

138 3377 201 3442 290
225 3359 265 3421 Et
277 3382 368 3423 socer
380 3377 410 3423 et
424 3384 548 3439 socrus,
567 3361 637 3447 glos
651 3376 797 3449 utraque,
812 3359 891 3424 levir
905 3365 1056 3449 uterque!

224 3464 305 3529 Nam
322 3465 400 3554 quid
413 3469 505 3556 plura
522 3468 655 3556 loquar!
672 3467 750 3531 ficus
765 3490 799 3531 se
819 3466 951 3532 floribus
964 3468 1030 3557 ipsa

223 3572 350 3637 Induet.
373 3576 429 3638 Ast
445 3574 500 3639 illo
518 3599 552 3640 se
568 3592 714 3665 tempore
729 3555 971 3664 regia'primum

133 3728 216 3796 cipit]‚
233 3732 259 3781 in
273 3748 321 3799 qua
333 3735 451 3800 regnandi
465 3734 574 3786 futurum
590 3736 662 3787 docet
674 3736 773 3787 initium
794 3736 840 3786 tub
861 3736 939 3787 tribus
952 3736 1048 3802 regibus
1061 3736 1198 3803 justissimis
1217 3737 1257 3804 [au

133 3814 212 3865 tribus
222 3816 305 3867 Noimi
321 3819 376 3868 filiis
383 3821 404 3886 l]

132 3949 197 4010 titt,
207 3956 266 4018 ttt)
274 3955 300 4004 in
311 3954 378 4005 Orat.
389 3957 419 4005 ed
430 3956 511 4008 Sanct.
524 3959 558 4008 ita
566 3960 675 4024 loquens:
745 3962 801 4008 tut.
816 3959 893 4008 Codd.
904 3969 1010 4026 nonpost
1016 3959 1120 4017 αἰνήσω,
1128 3959 1168 4006 sed
1176 3957 1259 4009 inver-

141 4028 273 4096 Ἐρυθραὶα
298 4032 400 4082 Σίῦυλλα
429 4034 562 4096 φάσκουσα
589 4035 679 4095 ἑαυτὴν
710 4051 750 4084 sus
762 4036 809 4085 fiue
818 4036 976 4100 distinguunt.
985 4034 1149 4083 fieumvariis
1158 4033 1258 4085 floribus

133 4103 192 4167 ἕκτῃ
209 4105 281 4174 γενεᾷ
302 4109 364 4171 μετὰ
379 4109 421 4158 τὸν
441 4111 616 4175 κατακλυσμὸν
638 4128 679 4175 γε·
711 4122 822 4161 ornatam
834 4110 975 4177 prodigiose
987 4110 1111 4176 cujusdam
1125 4108 1258 4162 fertilitatis

132 4180 224 4229 νέσθαι.
235 4181 262 4231 ln
271 4200 320 4249 quo
329 4193 410 4234 tamen
418 4186 622 4251 memorialapsus
630 4197 678 4236 est:
711 4187 839 4252 imaginem
848 4186 918 4236 finxit
926 4185 973 4235 sihi
981 4184 1076 4245 Noster,
1085 4186 1114 4235 ad
1125 4185 1256 4237 llometum

133 4271 182 4304 nou
195 4258 261 4308 euim
274 4269 329 4326 post
342 4260 476 4320 diluvium,
490 4261 532 4310 sed
544 4261 576 4311 ab
588 4262 680 4328 origine
712 4262 811 4313 fortasse
834 4263 978 4329 respiciens,
1000 4262 1046 4312 od.
1059 4280 1085 4322 η,
1108 4265 1168 4322 1213
1193 4262 1256 4313 nihil

132 4333 218 4382 mundi
226 4345 317 4385 sextam
326 4338 506 4402 generationem
516 4337 558 4387 hic
567 4348 680 4389 numerat
712 4348 792 4388 tamen
805 4340 935 4389 admodum
950 4337 1036 4388 simile.

132 4406 233 4474 Sibylla.
745 4418 802 4464 292.
823 4415 900 4464 Codd.
927 4415 1030 4479 μεσάσει
1052 4415 1078 4465 δὲ
1101 4413 1203 4480 χρόνος,
1226 4431 1256 4464 ac

103 4530 107 4538 .
166 4486 223 4535 289.
243 4487 320 4537 Codd.
339 4489 384 4539 σὺν
405 4507 449 4555 pro
469 4491 521 4556 ἅμ’.
548 4490 608 4540 Dein
628 4490 679 4541 for·
711 4506 781 4541 versu
801 4491 912 4557 sequenti
934 4492 1005 4551 δέξῃ,
1033 4491 1100 4556 quod
1123 4499 1255 4557 utrumque

131 4567 193 4610 tasse
207 4563 314 4627 placeret
326 4565 370 4626 ἠδὲ
383 4567 481 4632 δαῆρσι.
712 4582 756 4615 nos
769 4581 833 4617 corr.
