3186 5310
272 418 331 481 368
776 419 890 482 NOTAE

274 550 366 618 quippe
379 549 427 601 luit
441 549 504 601 inter
515 549 652 617 smyrneos
664 559 690 600 et
704 550 823 618 Ephesios
883 556 941 605 324.
960 553 1056 604 ⁴Polion
1075 553 1120 607 τὴν
1137 550 1238 615 γείτονα
1249 548 1336 616 χύμαν
1349 546 1396 604 li

274 625 396 692 cognatio,
407 635 556 676 memorante
567 624 694 687 Strabone,
703 626 746 677 lib.
757 626 823 686 xlv,
848 627 925 679 letum
933 627 1047 693 intelligit
1058 625 1145 677 Noster
1155 634 1180 676 et
1190 624 1226 675 sic
1238 634 1310 676 vocat
1318 623 1352 676 ob
1360 625 1396 678 ri·

275 718 300 768 p.
320 705 378 763 633,
397 717 462 767 sqq,
475 717 525 750 non
545 702 713 767 cognationem
731 702 822 764 modo,
848 703 931 754 einum
950 704 1068 770 ternplum
1084 711 1110 753 et
1127 700 1255 751 oraculum
1276 701 1396 766 Apollinis

275 775 349 826 sedet
357 776 567 843 precipuumejus
575 786 756 842 argumentum,
768 792 824 843 por·
848 777 1009 845 Didymei,in
1018 775 1395 842 branchidisrulgodictirqnod

275 859 329 900 tum
339 849 430 918 Ephesi
446 850 548 915 antiquo
563 861 589 902 et
603 852 696 917 vulgari
712 867 756 901 usu
775 852 824 902 Σά·
847 853 946 919 quidem
963 854 1080 919 templum
1097 850 1194 902 Persico
1212 851 1278 902 betto
1299 851 1394 902 derau-

276 943 369 993 μομνον
390 942 432 976 seu
452 926 734 993 Eoipopraastnterdum
749 927 823 977 etiam
849 938 929 990 ctum,
952 938 1036 994 postea
1058 926 1204 977 Hilesiorum
1229 925 1395 978 munificentia

275 1001 390 1068 Σμύρναν
406 1002 603 1068 cognominatum
615 1019 622 1053 ι
635 1000 681 1054 cir.
700 1012 725 1052 et
736 1000 821 1068 Stepb.
849 1002 1106 1055 instauratumluerat.
1117 1001 1233 1051 Necrero
1240 1001 1396 1067 religionibus

275 1075 305 1125 de
321 1075 443 1135 Urbibus,
466 1093 490 1127 ν.
509 1078 641 1145 Σάμομνα,
663 1086 689 1127 et
709 1076 824 1142 llesycbii
849 1088 945 1129 tantum
956 1078 1056 1144 insignis
1070 1077 1117 1128 luit
1134 1093 1163 1127 ea
1180 1075 1254 1137 urbs,
1267 1077 1312 1127 red
1324 1077 1396 1127 etiam

274 1151 383 1218 interpp.
398 1152 430 1201 ad
447 1153 566 1215 Ennavia.
582 1151 747 1212 Concordiam
760 1153 825 1202 inter
849 1156 978 1204 doctorum
991 1154 1101 1203 virorum
1113 1168 1143 1203 ac
1156 1151 1280 1217 precipue
1292 1151 1397 1218 pbiloso-

275 1242 315 1277 eas
333 1227 405 1277 urbes
424 1227 555 1294 aliquando
575 1229 690 1278 dinutam
708 1227 834 1278 resarcire.
850 1229 957 1295 phorum
975 1228 1054 1288 hma,
1072 1227 1194 1290 Thaletis,
1212 1226 1396 1286 Anaximandri,

274 1311 375 1352 conatus
384 1311 420 1352 est
429 1303 547 1353 Aristides
556 1304 666 1353 oratioue
679 1301 758 1356 llbll.
768 1303 825 1367 περὶ
849 1303 1015 1363 Anaximenis,
1025 1318 1075 1368 quo
1086 1302 1186 1368 respicit
1196 1317 1280 1352 rmus
1288 1305 1348 1353 326.

283 1377 433 1441 Ὁμονοίας,
456 1386 583 1444 exstatque
602 1393 692 1427 numus
707 1394 712 1426 :
730 1380 825 1427 ΣΜΥΡ-
885 1382 943 1430 312.
962 1378 1106 1429 Decretoriaa
1125 1376 1192 1427 illius
1209 1393 1309 1444 pugne,
1325 1392 1397 1444 qum

274 1454 374 1505 amnti
394 1455 486 1504 narr.
507 1453 646 1503 ΕΦΕΣΙΩΝ
660 1455 824 1503 OMONOIA.
851 1465 923 1521 poeta
934 1454 1042 1504 laturam
1060 1452 1129 1518 lingit
1143 1451 1323 1502 Antichristnm
1336 1451 1398 1504 inter

277 1528 362 1595 ltaque
373 1545 417 1595 per
430 1527 485 1578 illos
503 1528 632 1579 continuos
649 1537 720 1578 terne
734 1536 824 1577 tremo·
851 1540 876 1580 et
890 1529 1042 1585 Antoninos,
1058 1527 1105 1578 bos
1118 1528 1218 1593 quiden
1227 1542 1342 1593 mpremo
1353 1527 1398 1579 iao

275 1619 314 1654 res
328 1604 387 1668 qui,
402 1618 467 1653 anno
478 1604 613 1669 prasertim
628 1605 685 1662 tta,
699 1619 752 1652 eam
763 1603 825 1653 Asia
851 1603 988 1654 dimnmine
1002 1602 1133 1670 perituros,
1150 1611 1210 1652 nota
1222 1602 1339 1653 eumdem
1349 1600 1398 1653 iere

276 1695 345 1729 oram
364 1687 565 1735 commoverunt,
586 1677 669 1728 crebri
688 1677 753 1727 inter
772 1678 825 1729 illes
850 1677 1201 1737 statuilocuminllaoedonia,
1216 1676 1313 1727 abibis
1326 1677 1398 1728 fatale

276 1753 350 1804 urbes
363 1753 485 1803 dhcursus
494 1751 586 1803 fiebant
601 1772 607 1802 :
625 1755 735 1818 ’Ἐφέσιοι
744 1754 772 1804 di
783 1755 825 1804 καὶ
852 1754 899 1805 luit
917 1754 999 1806 civilia
1026 1770 1056 1803 ex
1079 1752 1151 1804 ltalia
1173 1752 1238 1803 betta
1264 1752 1398 1804 mantua.

277 1829 411 1896 Σμυρναῖοι
424 1827 482 1894 παρ’
490 1829 607 1888 ἀλλήλους
620 1827 688 1879 ἔθυον
703 1831 825 1896 θορυὸού-
852 1828 905 1891 Quo
924 1830 1047 1897 pertinent
1060 1828 1113 1879 noti
1129 1845 1160 1878 ex
1172 1827 1272 1893 Virgilio
1293 1843 1399 1879 veram:

279 1919 362 1967 μενοι,
377 1903 476 1955 Aristid.
489 1899 567 1953 Serm.
581 1903 648 1953 Sacr.
661 1901 696 1953 lll
710 1905 784 1966 (tom.
799 1904 824 1962 l,
852 1905 916 1971 Ergo
929 1906 1058 1955 intersere
1071 1903 1171 1971 paribus
1183 1918 1334 1953 concurrere
1348 1903 1402 1954 telis

279 1994 334 2044 pag.
347 1981 409 2040 tet,
422 1979 462 2028 ed.
476 1977 549 2028 llind.
559 1980 578 2042 ).
588 1976 642 2039 Quo
655 1986 763 2045 tempore
772 1979 827 2045 quis
853 1979 975 2030 llomanas
991 1980 1056 2030 acies
1075 1981 1164 2030 iterum
1177 1979 1260 2029 videre
1281 1977 1400 2046 Philippi.

277 2053 373 2104 dubitet
385 2053 495 2119 smyrne
506 2054 611 2119 legatos,
625 2069 703 2119 quum
713 2053 827 2120 Ephesio-
844 2055 890 2105 lix
902 2055 950 2106 boe
962 2065 1046 2105 autem
1055 2064 1138 2104 nostro
1151 2055 1206 2105 loco
1217 2053 1300 2119 colligi
1311 2063 1401 2121 potest,

277 2144 334 2177 rum
347 2145 418 2195 opem
431 2128 605 2194 implorarent,
617 2129 725 2194 antique
738 2145 826 2195 cognn
854 2131 919 2195 quod
933 2146 977 2180 nos
990 2129 1051 2180 alibi
1064 2145 1182 2194 mrsquam
1195 2130 1314 2194 scriptum
1331 2144 1401 2195 repe·

278 2202 354 2253 tionis
377 2211 402 2253 et
425 2203 537 2253 Samorni
561 2213 646 2270 ponus
671 2203 827 2257 meminisse?
854 2205 945 2266 rimus,
965 2204 1109 2256 Antichristi
1121 2214 1176 2272 post
1187 2220 1256 2254 suam
1273 2205 1304 2254 de
1323 2204 1401 2254 Anto·

278 2275 362 2342 Neque
376 2277 401 2327 id
419 2277 517 2338 lrustra,
531 2277 652 2344 siquidem
666 2279 698 2328 ad
711 2295 827 2345 reperan·
854 2281 920 2330 niuis
943 2280 1071 2330 victoriam
1090 2280 1122 2329 ad
1140 2280 1259 2330 orientem
1276 2279 1402 2329 rederrntis

278 2353 321 2403 das
344 2353 453 2418 Smyrnae
483 2353 563 2402 clades
589 2354 729 2404 unanima
751 2355 827 2406 totius
854 2355 910 2415 iter,
921 2354 1149 2420 nempe,siquidem
1165 2371 1179 2404 e
1194 2354 1403 2420 llaccdoniapm·

279 2430 342 2479 Asiae
357 2445 502 2479 concursum
516 2429 598 2479 laudat
612 2429 677 2479 idem
696 2429 826 2490 Aristides,
853 2429 991 2490 ficiscentis,
1005 2446 1049 2496 per
1058 2429 1218 2480 occidentales
1229 2428 1291 2479 Asiae
1302 2429 1403 2495 provin-

279 2504 348 2554 Orat.
363 2503 417 2553 lllll
432 2506 509 2568 (tom.
526 2503 550 2562 l,
566 2520 620 2570 pag.
635 2508 707 2568 tat).
854 2505 918 2568 cias,
935 2505 1090 2571 Bithyniam,
1109 2505 1231 2567 Pontum,
1248 2505 1403 2561 Armeniam,

315 2582 373 2642 307,
392 2594 446 2645 sqq.
463 2578 595 2629 Asiaticam
609 2579 712 2644 intelligi
726 2579 827 2629 Cumam
854 2580 991 2646 Phrygiam,
1002 2570 1330 2647 Cappadociamriiiliciam
1339 2580 1404 2630 unde

200 2654 207 2665 '
280 2670 330 2703 non
343 2664 379 2704 cst
390 2653 508 2714 dubium,
526 2656 552 2703 1ο
563 2654 630 2719 quod
642 2654 759 2704 continuo
773 2664 828 2721 post
854 2656 880 2705 in
890 2655 987 2722 Syriam
994 2655 1403 2722 etinAEgyptumzquoenamenim

278 2728 401 2796 Ephesum
414 2739 438 2778 et
452 2727 582 2796 Smyrnam
598 2729 745 2788 adducatur,
762 2729 827 2779 iuter
852 2731 900 2780 alia
913 2730 1064 2798 probabilior
1078 2731 1118 2781 via
1131 2735 1263 2797 suppetat?

278 2804 351 2854 nrbes
363 2803 478 2853 Asiaticas
489 2803 632 2869 plerasque,
648 2804 721 2853 immo
733 2820 825 2864 omnes,
888 2809 947 2857 422.
968 2806 1019 2856 Hac
1040 2821 1100 2856 voce
1126 2806 1247 2872 incapaces
1271 2822 1322 2857 non
1347 2822 1403 2857 rens

279 2878 299 2927 si
319 2878 426 2944 Corcyra
446 2878 596 2944 excipiatur,
620 2895 682 2941 una,
707 2879 827 2929 incertum
853 2891 916 2932 esset
939 2890 1028 2948 poeta,
1052 2881 1099 2930 nisi
1114 2897 1158 2932 suo
1183 2891 1293 2948 tempore
1314 2882 1405 2932 multos

278 2969 333 3012 cur,
357 2969 402 3002 nec
422 2952 522 3004 fortasse
546 2954 604 3004 satis
622 2965 703 3016 certe,
722 2955 761 3004 bis
780 2955 826 3006 im·
853 2972 904 3006 esse
923 2956 1074 3021 cognovisset
1093 2955 1136 3022 qui
1156 2956 1300 3007 traditiones
1317 2973 1404 3007 omues

279 3029 371 3089 mirta;
387 3033 415 3080 2ο
430 3030 496 3095 quod
509 3029 551 3078 via
559 3029 591 3081 sit
604 3029 734 3081 verisimile
745 3031 827 3096 Sibyl·
854 3030 884 3080 de
893 3047 956 3080 nora
968 3029 1131 3088 Hierusalem,
1145 3031 1172 3079 in
1184 3029 1260 3079 moris
1274 3029 1405 3097 scripturis

279 3103 328 3154 lam
342 3115 464 3169 nostram,
478 3104 543 3156 side
558 3106 640 3158 Cumis
660 3105 751 3157 ltalicis
764 3107 827 3157 ceci·
855 3105 946 3163 obvias,
955 3105 1066 3170 figurato,
1078 3121 1129 3155 nou
1142 3104 1241 3170 proprio
1253 3120 1336 3167 sensu,
1349 3105 1403 3172 spi·

279 3180 360 3239 nisset,
372 3180 401 3230 ad
412 3197 496 3230 earum
508 3181 634 3230 oraculum
643 3191 771 3248 vatemque
782 3182 828 3232 sibi
854 3181 931 3244 ritali,
938 3198 989 3230 non
1000 3180 1132 3246 corporali,
1140 3181 1271 3246 capiendas
1281 3196 1334 3231 esse
1344 3197 1405 3231 oon·

278 3256 448 3321 cognominem
458 3273 508 3306 non
522 3256 639 3318 allusisse,
653 3256 699 3306 uisi
712 3257 771 3307 illuc
784 3257 829 3306 ali·
855 3257 989 3308 tenderent.
1003 3255 1130 3322 Repugnat
1148 3255 1222 3320 igitur
1240 3254 1403 3321 Apocalypsi,

277 3332 338 3397 quid
355 3330 510 3381 referendum
524 3340 593 3398 putes
611 3348 641 3381 ex
661 3332 714 3381 istis
734 3333 828 3397 νάμασι
855 3333 894 3383 cui
909 3332 996 3399 saepius
1009 3332 1133 3381 adherere
1151 3332 1228 3393 solet,
1244 3346 1322 3395 quum
1342 3339 1404 3381 tem·

278 3406 465 3462 θεοπνεύστοις.
483 3428 495 3450 a
505 3404 613 3455 lontibus
631 3405 765 3456 fatidicis».
793 3406 828 3456 tte
855 3410 922 3474 plum
934 3408 999 3458 istud
1015 3422 1206 3472 «corporeum»
1219 3405 1272 3456 iore
1279 3406 1404 3472 praedicit,

167 3486 172 3495 '
277 3498 352 3546 prava
365 3492 448 3532 autem
460 3481 550 3530 borum
563 3481 728 3530 Cumanorum
736 3481 826 3546 indole,
855 3483 985 3550 ἔνσαμκον,
999 3482 1040 3548 qui
1054 3482 1139 3531 saltem
1152 3483 1275 3531 insanoto
1288 3481 1354 3531 libro
1368 3481 1405 3531 le·

278 3560 398 3622 Κυμαίων
411 3555 617 3621 ὁήμοςχαλεπός,
633 3554 725 3620 Sibylla
738 3557 828 3608 curita
854 3574 909 3623 gere
928 3558 1065 3621 debuisset,
1087 3572 1142 3623 cap.
1165 3560 1206 3618 21,
1225 3572 1250 3604 ν.
1270 3557 1302 3605 22
1325 3574 1331 3605 z
1352 3555 1405 3607 Καὶ

277 3641 395 3696 queratur
408 3632 488 3681 adhuc
502 3647 546 3679 nos
559 3631 627 3692 latet,
642 3630 687 3680 etsi
702 3629 828 3684 fatendum
854 3637 912 3686 ναὸν
925 3635 972 3685 οὐκ
988 3627 1053 3683 εἶδον
1068 3633 1093 3682 ἐν
1108 3633 1186 3697 αὐτῇ,
1207 3651 1220 3676 ι
1239 3640 1265 3680 et
1285 3631 1406 3697 templum

278 3705 423 3756 Strabonem
438 3722 523 3773 parum
539 3704 568 3754 iis
583 3703 676 3762 tas-ere,
697 3705 741 3756 lib.
755 3706 826 3773 1111,
856 3732 869 3754 ι
880 3726 930 3759 uon
947 3708 998 3758 ridi
1012 3709 1038 3757 in
1049 3724 1088 3756 ea.
1102 3730 1132 3754 ν,

278 3797 332 3847 pag.
347 3784 405 3842 622,
418 3781 461 3829 ahi
477 3780 511 3830 ait
526 3798 532 3829 ε
545 3781 691 3831 {adorarat
713 3783 747 3840 εἰς
761 3782 829 3832 ἀναι-
889 3787 948 3843 433,
962 3799 1015 3848 sqq.
1032 3781 1196 3848 Comparandi
1210 3780 1237 3830 hi
1250 3796 1335 3831 versus
1347 3797 1406 3831 cum

224 3913 225 3916 Ἴ
279 3857 382 3915 abaciam
395 3859 411 3915 ἡ
427 3857 514 3920 Κύμη.
854 3858 1018 3924 supralata,
1033 3856 1085 3916 lll,
1106 3857 1122 3921 5
1137 3861 1196 3916 303,
1210 3872 1265 3922 sqq.
1286 3857 1333 3908 llic
1347 3872 1407 3906 sero

312 3936 370 3982 319.
390 3933 494 3998 Lycum,
508 3931 620 3998 Phrygiae
634 3931 761 3997 Cariaque
778 3949 829 3984 am·
854 3933 982 3984 confundit
1002 3943 1086 3999 aperte
1097 3932 1184 3983 Noster
1197 3942 1303 3982 veterem
1320 3931 1405 3998 Baby·

278 4024 343 4064 nem,
360 4006 485 4073 llieropoli
500 4017 524 4058 et
538 4008 664 4059 Laodicen
677 4007 827 4068 ailluentem,
854 4009 925 4069 lona,
946 4009 1049 4073 Assyriae
1061 4008 1186 4072 reginam,
1208 4023 1264 4057 cum
1278 4022 1342 4057 nora
1356 4006 1408 4058 Bt·

277 4081 828 4134 eredidemrEraioaheneaeumdemessecam
854 4084 942 4151 bylone
956 4082 1102 4133 Parthorum
1115 4083 1165 4131 sive
1183 4080 1359 4147 Ctesiphonte,
1373 4082 1407 4132 de

281 4173 409 4230 poetarum
422 4161 611 4220 Thermodonta,
626 4171 721 4211 taxatus
731 4161 763 4211 ob
774 4160 827 4213 ida
853 4175 903 4224 qua
924 4158 978 4209 vide
1001 4168 1052 4209 not.
1077 4159 1107 4207 ad
1131 4161 1173 4209 23.
1194 4156 1279 4222 ltaque
1303 4173 1405 4224 operam

280 4238 409 4295 Strabone,
423 4235 465 4285 lib.
481 4234 527 4291 lll,
544 4253 597 4302 pag.
614 4237 671 4285 623.
687 4237 732 4286 llic
747 4247 827 4287 mmeu
854 4237 954 4288 abludat
976 4237 1019 4302 qui
1045 4235 1168 4302 poeticum
1186 4235 1253 4285 huuc
1273 4236 1356 4286 locum
1372 4237 1406 4286 ad

279 4322 362 4363 rioster
376 4313 444 4361 locus
458 4311 609 4360 Eratostheni
623 4313 720 4361 ridetur
735 4312 827 4379 astipu·
853 4312 975 4362 historicae
987 4311 1095 4361 veritatis
1104 4311 1196 4375 regulas
1207 4326 1353 4376 componere
1364 4327 1407 4360 re·

280 4387 335 4448 lari,
350 4397 377 4437 ut
392 4388 440 4436 duo
455 4384 516 4435 lorte
529 4384 776 4436 sinthermodoutes
791 4387 827 4437 iu·
853 4387 896 4442 lit,
919 4386 963 4436 etsi
982 4387 1012 4436 de
1027 4385 1145 4451 obsequio
1163 4384 1278 4435 llomauis
1295 4385 1405 4452 praestito

278 4462 409 4528 telligandi,
420 4479 482 4512 tinus
498 4460 578 4521 Ponti,
593 4463 654 4512 alter
666 4461 782 4528 Phrygiae.
855 4462 1008 4527 dimidiaeque
1017 4461 1140 4512 rei-vimus
1150 4459 1244 4511 iudiciis
1256 4461 1405 4527 respondent
