3186 5310
334 445 375 506 90
663 444 924 507 ΣΙΒΥΛΛΙΑΚΩΝ
945 443 1070 504 ΛΟΓΟΣ
1090 443 1123 504 Γ.

443 580 533 660 Ᾰλλά
552 619 603 686 μιν
623 590 757 682 οὐράνιος
774 594 851 672 Θεὸς
870 600 903 662 ἐκ
921 593 1014 678 βυθοῦ
1032 583 1226 670 ἐξαλαπάξει.

341 697 401 789 175
499 699 606 790 Αὐτὰρ
628 702 720 767 ἔπειτ’
741 698 835 779 ἄλλης
856 691 1034 786 βασιληΐδος
1050 701 1171 766 ἔσσεται
1190 697 1283 789 ἀρχὴ,

444 810 544 882 Λευκη
563 808 614 875 καὶ
632 811 831 899 πολύκρανος,
853 809 905 899 ἀρ’
925 807 1063 900 ἑσπερίου
1084 833 1118 873 τε
1137 804 1305 889 θαλάσσης,

445 892 472 981 fl
489 921 604 993 πολλῆς
619 917 706 1010 γαίης
722 909 814 1010 ἄρξει,
830 917 961 993 πολλοὺς
976 905 1011 982 ὸὲ
1026 915 1175 999 σαλεύσει,

444 1021 507 1089 Καὶ
524 1027 600 1090 τοῖσι
620 1027 776 1108 βασιλεῦσι
790 1019 883 1116 φόβον
898 1023 1063 1115 μετόπισθε
1084 1024 1221 1095 ποιησει·

445 1128 568 1197 Πολλὸν
587 1121 616 1196 δ’
639 1127 676 1198 αὖ
694 1132 805 1222 χρυσόν
819 1128 852 1197 ιτε
871 1130 922 1197 καὶ
937 1126 1066 1225 άργυρον
1086 1121 1269 1206 ἐξαλαπάξει

315 1306 319 1321 ,
342 1236 403 1302 180
444 1222 489 1303 Ex
503 1239 618 1305 πόλεων
635 1244 776 1306 πολλῶν·
797 1238 873 1305 πάλι
891 1229 922 1305 δ’
942 1237 1061 1305 ἔσσεται
1084 1240 1113 1303 ἐν
1132 1236 1217 1328 χθονὶ
1239 1226 1293 1326 ὸίρι

443 1346 589 1438 Χρυσίον,
604 1342 701 1438 αὐτὰρ
719 1347 826 1413 ἔπειτα
843 1345 893 1412 καὶ
909 1341 1050 1439 ἄργυρος,
1068 1335 1126 1419 ηὸύ
1146 1369 1178 1410 τε
1201 1342 1334 1434 κόσμος·

445 1447 507 1519 Καὶ
527 1450 666 1540 θλίβουσι
687 1455 829 1544 βροτούς·
850 1449 929 1545 μετὸι
948 1442 978 1517 ὸ’
993 1454 1114 1519 ἔσσεται
1133 1442 1263 1542 ἀνδράσι
1280 1447 1386 1527 κείνοις

443 1560 605 1651 Πτώμαθ,
623 1563 697 1627 όταν
720 1553 847 1652 άρξωνθ·
867 1558 1070 1652 ύπερηρανίης
1094 1547 1224 1625 άθίκοιο.

443 1666 565 1732 Αὐτίκα
584 1659 614 1732 θ’
626 1671 656 1734 ἐν
673 1668 794 1744 τούτοις
815 1662 951 1744 ἀσεβείας
970 1667 1068 1732 ἔσσετ’
1084 1665 1213 1757 άνάγκη,

342 1775 403 1840 185
444 1755 548 1863 Ᾰρσην
564 1764 594 1839 θ’
614 1771 715 1863 άρσενι
734 1773 906 1856 πλησιάσει,
929 1771 1076 1846 στάσουσί
1093 1797 1126 1839 τε
1146 1762 1261 1847 παῖδας

445 1879 590 1971 Αἰσχροῖς
609 1885 639 1948 ἐν
656 1882 807 1972 τεγέεσσι,
822 1878 874 1946 καὶ
892 1881 1011 1946 ἔσσεται
1029 1880 1126 1970 ἥμασι
1145 1880 1251 1955 κείνοις

445 1982 557 2075 Θλίψις
572 1989 602 2053 ε’ν
619 1987 787 2079 ἀνθρώποις
803 1988 935 2079 μεγάλη,
950 1987 1000 2053 καὶ
1020 1985 1125 2052 πάντα
1147 1979 1281 2076 ταράξει,

445 2093 557 2161 Πάντα
572 2086 606 2162 ii
621 2092 779 2187 συγκόψει,
793 2095 845 2159 καὶ
865 2093 969 2161 πάντα
985 2101 1086 2159 κακῶν
1104 2092 1283 2174 άνοιπλύσει,
1336 2133 1341 2150 ι

443 2196 620 2294 Αἶσχροόίῳ
634 2201 893 2295 ριλοχρημοσύνη,
913 2190 1092 2290 κακοκερὸῖιΙ
1110 2201 1246 2284 πλούτῳ,

340 2333 402 2396 ι9ο
443 2295 486 2374 Εν
506 2314 634 2386 πολλαῖς
653 2310 784 2403 χώρησι,
808 2297 991 2398 Μακηὸονίῃ
1011 2296 1046 2372 ὸὲ
1066 2306 1211 2397 μάλιστα.

442 2415 543 2493 Μῖσος
564 2407 593 2480 δ’
610 2409 747 2507 ἐξεγερεῖ,
763 2415 814 2480 καὶ
834 2419 893 2492 πᾶς
912 2405 1002 2491 θόλος
1017 2415 1139 2479 ἔσσεται
1159 2415 1275 2496 αὐτοῖς,

443 2504 524 2612 Ᾰχρι
543 2522 619 2615 πρὸς
635 2512 813 2612 θόὸυμάτην
837 2513 1018 2605 βασιληῖὸα,
1035 2518 1070 2595 εἷς
1094 2521 1267 2605 βασιλεύσει

442 2626 603 2719 Αἰγύπτου
624 2628 777 2712 βασιλεὺς,
799 2624 830 2706 ὸς
850 2628 902 2717 ἀφ’
923 2614 1067 2702 Ελλήνων
1087 2628 1173 2720 γε’νος
1198 2627 1295 2693 ἔσται.

495 2736 559 2802 Καὶ
574 2736 643 2802 τότ’
657 2735 738 2812 ἔθνος
754 2736 898 2828 μεγάλοιο
920 2736 1000 2800 Θεοῦ
1020 2728 1095 2800 ποιλι
1113 2735 1258 2825 καρτερὸν
1277 2733 1377 2818 ἔσται,

341 2841 401 2928 195
441 2837 483 2907 Οἳ
497 2840 645 2907 πάντεσσι
665 2843 800 2932 βροτοῖσι
817 2840 884 2925 βίου
899 2830 1069 2933 καθοὸηγοὶ
1086 2842 1221 2907 ἔσονται.

443 2935 534 3015 Ᾰλλὸι
554 2947 587 3014 τί
604 2974 656 3040 μοι
672 2947 724 3013 καὶ
743 2958 837 3014 τοῦτο
856 2948 933 3025 Θεὸς
947 2946 1006 3033 νόῳ
1023 2946 1122 3013 ἔνθετο
1140 2939 1238 3025 λέξαι,

442 3051 483 3120 Τι’
496 3065 628 3148 πρῶτον,
644 3055 675 3122 τί
695 3038 724 3120 δ’
747 3054 865 3139 ἔπειτα,
880 3052 912 3119 τί
932 3044 961 3119 δ’
982 3052 1129 3121 ὑστάτιον
1149 3055 1242 3120 κακὸν
1258 3055 1346 3120 ἔσται

441 3159 570 3239 Πάντας
583 3166 628 3230 ἐπ’
643 3163 836 3253 ἀνθρώπους,
860 3160 906 3237 τίς
922 3160 1037 3227 τούτων
1055 3145 1192 3254 [ἔσσεται
1214 3145 1328 3253 ἀρχῆς

496 3272 625 3362 Πρῶτον
643 3269 805 3336 Τιτάνεσσι
825 3269 903 3344 Θεὸς
916 3267 1010 3333 κακὸν
1028 3260 1208 3361 ἐγγυαλίξει.

338 3400 402 3441 200
442 3374 507 3442 Υἱοὶ
521 3373 579 3469 γὰρ
597 3384 753 3469 καρτεροῖο
772 3375 893 3467 Κρόνου
915 3372 1033 3442 τίσουσι
1051 3367 1139 3452 ὸίκας
1156 3360 1235 3469 [γε],
1273 3465 1276 3472 .

441 3482 562 3550 Οὕνεκά
576 3507 624 3549 τοι
643 3473 741 3556 ὸῆσάν
759 3508 793 3549 τε
808 3481 924 3574 Κρόνον
943 3481 994 3548 καὶ
1013 3484 1133 3573 μητέρα
1148 3474 1269 3557 κεὸνην.

441 3591 584 3681 Δεύτερον
602 3587 667 3656 αὖθ’
682 3574 799 3663 Θλλησι
818 3580 1002 3674 τυραννίδες,
1024 3579 1072 3662 ἥθ’
1090 3591 1240 3682 ἀγέρωχοι

441 3677 597 3763 βσσονται
614 3699 755 3781 βασιλῆες
770 3695 947 3789 ύρερρίαλοι
966 3695 1018 3763 καὶ
1038 3692 1177 3788 ἄναγνοι,

441 3801 638 3894 Κλεψίγαμοι
658 3803 710 3869 καὶ
725 3804 828 3870 πάντα
843 3802 944 3870 κακοί.
965 3801 1029 3870 Καὶ
1047 3805 1148 3869 οὐκέτι
1168 3804 1286 3882 θνητοῖς

336 3909 400 3976 205
441 3893 606 4003 Ᾰμπαυσις
621 3912 781 4004 πολέμοιο.
799 3912 912 4004 Φρύγες
926 3900 956 3975 δ’
971 3910 1120 4001 ἔκπαγλοι
1134 3913 1277 3977 ὸλσῦνται

335 4119 435 4181 -115,
450 4135 502 4186 σου.
517 4119 620 4172 Romani
634 4130 755 4172 temtum
771 4119 865 4170 domini
878 4128 903 4170 et
919 4135 1080 4187 ορριειεοικε,
1099 4119 1219 4188 precipue
1230 4135 1288 4170 vem
1300 4119 1455 4179 Macedonia,

333 4203 411 4255 donec
423 4203 529 4272 AEgypm
538 4223 581 4259 rex
592 4208 696 4276 imperet
704 4207 843 4274 septimun
857 4205 941 4258 Graeca
950 4206 1025 4273 stirpe
1036 4206 1114 4273 [Ptol.
1129 4205 1405 4272 Philometor].-196,
1418 4221 1456 4272 sq.

337 4416 426 4458 neutro
438 4386 488 4459 ιῖνε
500 4408 582 4459 activo
597 4427 604 4469 ς
624 4426 669 4462 nos
686 4427 749 4462 corr.
765 4410 826 4461 Vide
845 4426 877 4460 αιι
910 4408 1057 4475 abantiquo
1071 4409 1145 4460 etiam
1162 4410 1283 4479 periegetu
1296 4408 1362 4477 apud
1376 4404 1458 4458 Godo·

335 4481 437 4546 ῥήξουσι
450 4482 525 4550 magis
543 4485 646 4552 placeat.
909 4485 1005 4535 fredum
1019 4484 1045 4534 in
1059 4483 1146 4536 Vetere
1158 4485 1229 4537 Orbis
1241 4485 1323 4536 Doecr.
1339 4498 1394 4551 pag.
1405 4487 1436 4534 11
1449 4499 1455 4531 :

369 4560 426 4610 111.
445 4561 556 4612 Alterum
569 4560 752 4614 hemistichium
763 4560 878 4614 laudatur
912 4558 1010 4612 «Dolus
1028 4558 1095 4611 enim
1114 4561 1141 4612 in
1163 4561 1216 4631 ipsa
1235 4561 1297 4621 fuit,
1320 4559 1457 4610 secuudum
