3186 5310
628 417 679 476 AD
699 415 844 477 LIBRUM
865 416 941 480 Vlll.
1280 413 1338 474 379

232 563 259 604 rr.
273 567 295 600 s.
316 553 339 602 λ.
364 548 419 600 Ηιο
437 549 512 615 lepidi
532 548 629 599 cuidam
646 548 774 615 sepulcrali
834 552 891 600 tlt.
910 550 944 598 lle
957 547 1085 598 duodecim
1097 547 1267 613 Apostolorum
1283 544 1341 595 mis·

231 626 349 691 inscripta
360 625 406 675 init
415 634 503 691 quarto
511 624 576 674 haud
587 622 660 674 dubie
671 624 773 686 seculo,
800 625 867 675 sione
879 633 995 688 tanquam
1008 624 1039 673 ab
1051 623 1108 689 ipsis
1121 633 1207 673 sanctae
1216 621 1302 672 Crucis
1309 636 1343 669 ra·

232 710 323 751 stante
333 700 378 750 hos
389 715 562 766 paucosannos
574 704 774 764 repertaestAu·
800 696 1341 764 dicibus,notabilislocusprresertimobsets·
1373 720 1376 733 ·

232 787 306 844 gnstsr
318 776 461 836 AEdnorum,
473 776 516 826 uhi
531 792 596 825 nunc
605 775 701 825 uisitur.
717 774 776 835 erse
801 785 850 825 tem
863 775 942 841 primo
953 775 1039 823 seculo
1049 789 1184 839 supparem.
1195 776 1251 823 Non
1260 771 1341 828 aliter,

233 868 310 918 quum
316 852 468 903 emditorum
476 860 569 902 mentes
577 852 602 901 iu
617 867 713 901 omnem
723 867 776 900 ver·
801 851 843 900 sed
850 866 900 900 ero
910 850 982 915 paulo
995 848 1117 906 inferiore,
1128 848 1192 898 libro
1202 848 1222 906 l,
1233 849 1290 904 285,
1300 861 1342 894 ca·

235 937 287 978 sata
306 937 400 993 partem
414 927 568 987 exercuerit,
587 926 658 976 nohis
679 941 776 992 quoque
801 934 890 975 nentur
902 925 965 991 apud
975 923 1091 990 Sibyllam
1100 923 1173 973 iidem
1186 919 1294 987 Apostoli
1303 935 1341 968 re-

237 1002 306 1052 licuit
315 1002 392 1069 ipsam
401 1018 462 1051 noro
472 1011 539 1052 textu
548 1011 573 1051 et
586 1018 648 1052 nora
655 1017 776 1051 commen·
801 999 880 1065 gimcn
886 998 992 1048 habituri
1002 1008 1088 1048 sancte
1096 998 1172 1064 gentis
1178 1006 1231 1063 post
1236 994 1344 1060 Prophe·

237 1078 329 1128 tatione
335 1078 475 1127 adornatam
482 1093 618 1143 proponere
626 1078 652 1126 in
662 1076 777 1144 predicto
802 1084 848 1125 tas.
859 1075 906 1123 Sed
915 1074 1022 1124 hocloco
1032 1073 1127 1123 ridetur
1136 1070 1268 1138 improprie
1277 1067 1344 1133 loqui

238 1152 296 1202 lixo.
313 1152 344 1212 V,
365 1168 420 1218 pag.
439 1155 497 1215 838,
516 1168 565 1218 quo
578 1168 700 1202 sacrarum
712 1151 777 1201 anti·
803 1150 899 1227 ll'ostert
907 1165 983 1214 quum
994 1149 1073 1198 innuit
1085 1150 1124 1214 jus
1137 1145 1275 1213 baptizandi
1288 1142 1345 1193 solis

234 1227 357 1294 quitatum
371 1228 496 1293 diligentes
510 1228 664 1278 remittimus.
803 1225 861 1291 ipsis
874 1224 1036 1280 commissum,
1050 1223 1180 1289 respiciens
1189 1221 1298 1279 fortasse,
1313 1217 1344 1267 si-

268 1305 327 1361 244,
348 1318 401 1368 sqq.
423 1302 540 1351 laudatio
564 1311 652 1352 sanctre
680 1301 778 1360 Crucis,
803 1310 846 1351 cut
855 1300 919 1350 inira
928 1298 1042 1362 trttubi
1052 1313 1095 1348 nos
1108 1296 1200 1361 aliquid
1211 1296 1279 1344 dees
1292 1295 1343 1356 re),

236 1393 322 1427 earnm
334 1378 399 1427 illius
414 1378 458 1427 teri
472 1377 583 1427 fidelihus
593 1385 777 1443 argumentum,
804 1376 836 1426 ad
843 1376 923 1425 locum
936 1375 1038 1425 loannei
1052 1372 1179 1438 evangelii,
1189 1387 1244 1436 cap.
1256 1372 1309 1430 l,v.
1318 1371 1345 1429 2,

236 1452 344 1503 occurrit
347 1454 398 1519 jam
406 1453 476 1503 nobis
484 1453 546 1502 libro
555 1443 655 1516 llas,
669 1468 721 1516 sqq.
736 1451 778 1501 ubi
804 1453 845 1501 sed
854 1450 987 1516 improprie
996 1450 1045 1499 huc
1051 1449 1209 1505 translatum
1220 1445 1269 1494 iors
1276 1453 1300 1493 et
1307 1459 1346 1492 re·

236 1528 292 1577 sr'de
302 1537 355 1578 not.
371 1546 376 1576 :
392 1527 475 1577 eadem
489 1527 584 1593 plenior
595 1528 644 1577 linc
659 1526 777 1593 proditio
805 1525 911 1591 cogitans
923 1533 1071 1592 praeceptum
1089 1522 1151 1572 illud
1164 1519 1265 1581 Christi,
1282 1517 1348 1584 apud

237 1601 405 1653 acrostichidis
415 1613 484 1668 parte
497 1603 611 1659 metanda,
625 1603 718 1668 aliquas
727 1601 779 1666 ipsa
804 1600 891 1650 Matth.
904 1617 959 1666 cap.
976 1603 1019 1660 28,
1035 1615 1059 1648 v.
1077 1602 1117 1649 ts:
1131 1597 1292 1652 Βαπτίζοντες
1305 1595 1347 1642 αὒ-

236 1674 335 1743 qooque
353 1687 423 1728 notas
441 1678 587 1743 postulante.
606 1679 686 1741 Σῆμα,
711 1676 779 1741 osig-
806 1676 877 1735 rode,
898 1691 950 1725 m.
963 1677 988 1725 l.
1006 1684 1123 1738 tanquam
1135 1672 1166 1721 ad
1188 1671 1251 1720 solos
1272 1668 1348 1717 unde-

237 1768 296 1802 nnm
307 1773 332 1812 s,
346 1752 387 1802 hic
400 1760 501 1801 vocatur
517 1753 581 1801 Crux
599 1761 695 1811 sancta,
717 1751 781 1800 sicut
806 1751 853 1799 cim
876 1750 1001 1816 Apostolos
1018 1763 1151 1812 eorumque
1164 1762 1236 1796 cansa
1248 1743 1350 1802 dictum,

237 1828 264 1876 in
277 1827 400 1892 evangelio
417 1829 530 1890 σημεῖον,
547 1826 634 1877 llatth.
655 1842 709 1891 cap.
734 1829 779 1887 24,
807 1825 832 1875 id
846 1835 997 1875 verocontra
1009 1824 1118 1873 omnium
1136 1821 1297 1871 Ecclesiarum
1310 1833 1350 1868 re·

239 1919 262 1951 v.
280 1906 312 1953 30
323 1921 329 1953 :
339 1903 444 1966 Σημεῑον
460 1900 505 1951 τοῦ
518 1904 573 1952 ulcu
587 1907 631 1950 τοῦ
641 1903 780 1966 ἀνθρώπω.
808 1911 902 1967 ceptam
913 1901 945 1950 ab
958 1900 1025 1949 omni
1034 1914 1084 1948 sero
1093 1896 1253 1962 disciplinam.

239 1976 335 2027 llicitur
345 1977 419 2027 etiam
431 1978 534 2042 σφραγίς
543 1992 585 2040 seu
595 1977 712 2043 σφρηγίς,
727 1997 739 2021 «ι
749 1975 781 2023 si·
841 1980 899 2025 256.
917 1974 1041 2024 Notandus
1057 1974 1085 2024 iu
1099 1971 1146 2021 hoc
1160 1986 1232 2019 versu
1245 1966 1351 2033 singula·

239 2051 394 2118 ugnsculum,
402 2050 507 2115 sigillum
516 2071 544 2110 ι,
555 2051 603 2114 (sic
611 2051 783 2116 qoidemjuxta
808 2049 841 2099 ris
849 2066 904 2099 usos
915 2050 981 2099 vocis
993 2049 1086 2112 κρίσις,
1098 2046 1167 2112 cujus
1180 2044 1258 2094 varios
1271 2057 1352 2092 sensus

238 2127 377 2192 vulgatam
389 2140 447 2174 nam
459 2125 523 2190 apud
537 2125 666 2174 Etuebium
682 2125 782 2188 aliter),
809 2125 962 2190 exposuimus
982 2123 1008 2172 in
1025 2121 1113 2188 prioris
1132 2119 1245 2169 editionis
1264 2126 1353 2166 nostre

239 2202 355 2269 quoniam
363 2200 467 2267 sigillum
475 2198 536 2249 illud
544 2216 593 2265 quo
599 2201 675 2265 jactat
683 2216 708 2249 se
715 2199 785 2249 divus
810 2199 919 2249 Ercursn
932 2198 976 2257 Vl,
990 2207 1053 2264 part.
1068 2197 1106 2255 ll,
1120 2212 1174 2262 cap.
1193 2198 1234 2246 20.
1258 2192 1354 2242 Primus

240 2276 419 2327 Paulussrdelss
431 2274 541 2339 signasse,
552 2279 695 2341 σφραγίσαι,
707 2292 785 2339 σφρα-
810 2285 848 2325 est
864 2291 945 2325 sensus
958 2273 1046 2323 ludaeis
1062 2272 1180 2329 usitatus,
1194 2285 1244 2335 quo
1264 2266 1354 2332 signifi·

241 2352 365 2415 γίσασθαι,
377 2351 408 2400 ad
419 2351 477 2401 Cor.
490 2350 528 2404 ll.
541 2365 595 2415 cap.
613 2354 637 2407 l,
648 2365 673 2397 r·
691 2352 722 2398 22
734 2365 741 2408 ς
754 2348 785 2397 sd
811 2359 868 2400 cant
884 2358 938 2415 post
952 2348 1088 2397 nniversam
1098 2362 1181 2395 rerum
1188 2342 1355 2394 confusionem

241 2424 393 2492 Ephes,cap.
410 2430 466 2486 1,r.
477 2424 696 2491 ld‚interpretibus
705 2422 787 2473 multis
812 2425 921 2475 turturum
930 2424 1018 2473 llessioe
1032 2421 1176 2478 adrentum,
1190 2418 1233 2485 qni
1247 2426 1356 2467 mortuos

240 2515 291 2551 non
305 2499 434 2550 aliudesse
446 2501 524 2550 risum
539 2509 575 2549 est
593 2515 666 2564 quam
683 2498 787 2563 sigillum
812 2500 844 2550 sit
857 2499 1013 2559 excitaturus,
1033 2498 1100 2546 ciros
1121 2505 1275 2559 mortuosque
1294 2491 1357 2557 jndi-

241 2573 422 2636 Crucis3simnl
431 2574 531 2625 fortasse
542 2574 607 2640 qnod
618 2573 716 2638 illojam
726 2582 788 2622 tem·
814 2584 919 2633 caturcis,
940 2572 1035 2623 ludmos
1054 2589 1069 2622 a
1084 2569 1221 2638 gentilibus,
1232 2564 1308 2633 justos
1325 2564 1357 2615 ab

242 2664 303 2716 Ρῡῐθ
311 2648 454 2699 Christianis
464 2650 580 2700 mimum
594 2656 788 2712 esswlstanqusm
814 2650 905 2715 iniquis
924 2650 1086 2706 discreturus,
1107 2661 1255 2711 regnumque
1268 2642 1311 2691 Ilei
1332 2640 1360 2690 in
1408 2680 1410 2685 .

242 2723 300 2774 sadei
307 2740 355 2774 sure
366 2724 484 2790 symbolo,
492 2724 578 2774 Crucis
584 2722 787 2788 gestusesignare·
814 2726 886 2775 terris
891 2724 1072 2775 constituturus.
1082 2722 1207 2773 &cundm
1210 2717 1296 2784 judicii
1305 2732 1360 2767 sen-

244 2799 337 2849 lladem
353 2799 445 2849 dicitur
457 2799 612 2865 πρόσκομμα
631 2799 744 2861 κόσμου,
764 2797 789 2845 id
816 2810 906 2862 snsest,
920 2815 970 2865 quo
983 2798 1075 2848 nosuti
1088 2797 1200 2856 solemus,
1214 2793 1360 2844 christianus

246 2881 292 2932 ast,
303 2894 316 2918 ι
323 2873 417 2938 objecta
428 2874 520 2923 mundo
528 2873 635 2923 scandali
644 2888 715 2922 eausa
723 2895 747 2931 ι,
760 2871 792 2921 si·
817 2876 917 2925 omnino
931 2884 957 2924 et
968 2891 998 2923 ex
1012 2873 1100 2924 sanctis
1115 2870 1244 2936 evangeliis
1255 2867 1360 2935 petitus,

247 2957 292 2999 cut
299 2949 365 3014 apud
372 2949 486 3010 Paulum,
494 2948 526 2998 ad
533 2948 613 2997 Galat.
622 2951 738 3012 cap-5³.
750 2949 792 3005 ll,
817 2965 867 3014 quo
876 2950 986 2999 Christus
994 2948 1117 2998 descendit
1125 2945 1231 2996 nubibus
1241 2944 1360 3002 invectus,

247 3021 794 3089 rdoadsBclosroirorcupor‘rlliciturpdddos
818 3024 1115 3090 impiisallerensaeternas
1125 3019 1362 3087 poenas3jnstisvero

249 3094 339 3162 “⁰1⁸2
352 3098 378 3147 id
392 3107 436 3154 Εἰ,
455 3097 541 3162 ‘virga
559 3105 732 3162 sfflsceptrum
747 3095 793 3145 lla·
819 3108 933 3150 aeternam
948 3098 1100 3160 felicitatem,
1114 3097 1164 3145 sire
1177 3095 1204 3144 in
1219 3093 1298 3152 terris,
1313 3091 1363 3142 sire

251 3172 314 3222 «vid
325 3193 356 3233 a,
370 3188 446 3237 uque
458 3181 545 3238 potens
560 3181 585 3221 et
597 3171 690 3228 ferres,
705 3187 735 3220 ex
751 3170 794 3219 illo
819 3184 888 3224 extra
899 3183 982 3228 terras.
994 3181 1060 3221 certe
1071 3171 1097 3220 in
1108 3185 1210 3235 corpore
1224 3167 1361 3217 fruendam.

250 3247 442 3314 Apocalypseos,
466 3255 490 3305 2,
505 3263 529 3296 v.
546 3248 576 3296 tt
594 3262 601 3298 :
619 3247 669 3296 Καὶ
681 3247 795 3309 ποιμανεῖ
820 3247 962 3310 llillenarii,
983 3247 1000 3295 ii
1018 3248 1102 3297 saltem
1117 3245 1160 3311 qui
1178 3260 1226 3292 suae
1238 3239 1364 3291 sententies

249 3322 375 3378 αὖτοὺςίν
385 3323 467 3388 ῥάόδφ
476 3323 573 3389 σιδηρᾷ,
582 3321 647 3386 quod
656 3321 796 3387 ipsumduo·
821 3338 912 3389 suoque
938 3321 1031 3371 nomini
1060 3326 1220 3379 constarent,
1240 3314 1363 3381 duplicem

250 3405 305 3446 tum
314 3397 492 3447 estel‘salmil
510 3412 578 3446 versu
588 3401 613 3453 u,
623 3397 692 3462 juxta
704 3396 795 3462 pleros·
821 3398 1021 3448 resurrectionem
1035 3396 1171 3461 duplexque
1182 3391 1302 3458 judicium
1321 3389 1364 3439 ad·

251 3487 301 3537 que
308 3472 415 3538 interpp.
424 3472 455 3521 ad
463 3481 571 3522 sanctam
581 3471 693 3526 Crucem,
703 3471 796 3520 violen-
822 3472 919 3523 mittere
927 3472 1083 3538 cogebantur,
1093 3486 1169 3519 unum
1175 3467 1281 3533 judaico,
1290 3479 1364 3530 quem

251 3556 291 3597 tcr
299 3547 366 3607 licet,
377 3546 716 3611 translato.lliciturdenique
724 3548 798 3612 κέρας
823 3549 940 3611 diximus,
956 3564 1038 3608 sensu,
1054 3546 1157 3596 alterum
1168 3541 1300 3593 christiano
1311 3547 1366 3605 post

253 3622 286 3672 ob
293 3621 375 3672 locum
383 3622 535 3672 notissimum
545 3621 633 3672 Psalmi
644 3624 730 3676 tata.
745 3624 772 3670 ll
790 3637 795 3668 :
823 3624 890 3673 mille
903 3637 978 3672 annos
994 3621 1053 3686 :qui
1072 3621 1120 3671 dno
1133 3635 1214 3668 serum
1229 3616 1295 3681 apud
1312 3613 1366 3680 pri·

261 3696 330 3746 Ἐκιῑ
344 3697 479 3752 aaaron
493 3700 567 3762 κέρας
583 3698 619 3760 τῷ
632 3692 721 3757 dauid,
736 3694 798 3745 cita·
825 3713 905 3749 maerre
918 3697 1028 3746 Ecclesiae
1037 3696 1166 3760 scriptores
1178 3692 1299 3743 interdum
1311 3705 1367 3739 oon·

251 3771 393 3821 tumeliam
412 3772 438 3821 in
452 3771 581 3835 Evangelio
599 3771 678 3829 Lucre,
695 3786 749 3836 cap.
774 3773 796 3831 l,
824 3772 893 3823 frindi
907 3772 1028 3824 ridentur.
1041 3769 1116 3820 Valde
1130 3778 1227 3827 autem,
1239 3763 1367 3831 quantovis

253 3861 280 3896 v.
293 3850 336 3912 ⁸⁹·
349 3846 388 3896 his
398 3846 478 3896 verbis
487 3863 494 3896 :
504 3847 555 3896 Καὶ
564 3846 660 3912 ἤγειρεν
672 3847 745 3911 κέρας
752 3862 800 3894 σω·
825 3847 913 3906 rarior,
933 3846 1046 3911 antiquus
1059 3844 1100 3895 hic
1114 3859 1211 3909 quoque
1224 3856 1305 3892 sensus
1321 3839 1367 3889 ha-

254 3921 342 3987 rapta<
351 3922 409 3984 ἡμῖν
424 3922 449 3971 lu
463 3920 526 3986 clap
541 3923 627 3985 dauid,
639 3936 712 3984 quem
719 3921 800 3969 locum
827 3921 918 3970 hendus
929 3931 965 3971 est
975 3960 981 3980 ,
993 3936 1042 3986 qno
1062 3936 1127 3968 niano
1136 3919 1245 3967 ridemus
1257 3932 1272 3966 a
1285 3914 1368 3981 Sibyl·

256 3996 288 4047 de
310 3995 388 4045 Cruce
412 3995 568 4060 interpretari
588 3995 746 4061 antiquitus,
772 4004 801 4044 ut
826 3997 890 4059 lists,
905 3996 969 4058 Vlll,
983 4000 1077 4055 lomet
1090 3993 1163 4053 inira,
1177 3996 1242 4053 269,
1258 3988 1369 4055 usurpari
1460 4040 1465 4049 ,

254 4084 333 4129 nunc,
343 4071 449 4120 solemne
461 4063 515 4120 init.
528 4070 565 4119 llr
576 4086 625 4135 quo
635 4069 756 4119 rhetorice
765 4070 801 4118 ni·
827 4073 933 4139 κρίσεως
946 4088 1034 4121 nomen
1046 4072 1075 4120 de
1089 4070 1168 4136 primo
1182 4067 1272 4118 Christi
1282 4066 1308 4115 in
1320 4075 1369 4114 ter-

257 4145 304 4194 mis
316 4143 396 4195 lulius
414 4145 542 4202 firmicus,
556 4160 609 4212 pag.
630 4148 699 4195 als:
720 4165 732 4188 ιι
746 4144 801 4193 llaec
827 4163 867 4197 ras
887 4147 1006 4204 adventu,
1023 4156 1138 4211 tanquam
1159 4142 1264 4209 supremi
1283 4137 1370 4205 judicii

259 4240 272 4264 a
283 4220 420 4269 veneranda
429 4220 513 4270 Crucis
521 4228 674 4289 oomna,etc
683 4219 739 4269 fleo
746 4228 803 4270 sunt
829 4220 901 4270 initio
912 4221 1018 4286 quodem
1032 4229 1056 4269 ct
1070 4219 1179 4270 exordio.
1198 4214 1369 4273 Probabilitcr,

259 4293 804 4361 aCruciseornuaquibnsomniaetsoblevan·
828 4295 875 4344 nisi
896 4305 981 4345 contra
1006 4296 1132 4361 scripture
1149 4293 1252 4349 literam,
1280 4289 1368 4338 loann.

259 4389 272 4413 ι
284 4369 422 4435 turpariter
432 4379 457 4419 et
466 4370 630 4420 continentur.
642 4367 804 4418 lliscornihos
829 4370 921 4435 Euang.
938 4386 991 4436 cap.
1008 4374 1033 4433 t,
1047 4386 1071 4418 v.
1091 4373 1118 4421 tt
1131 4385 1137 4418 t
1148 4368 1185 4417 Οὐ
1199 4367 1245 4430 γὰρ
1260 4365 1370 4414 ἀπίστει-

261 4464 273 4487 s
286 4443 347 4494 hene
359 4444 485 4495 hominurn
496 4443 650 4502 nititurrita,
662 4451 709 4492 etc.
721 4464 734 4487 s
830 4446 870 4495 λεν
885 4448 900 4494 d
917 4445 987 4505 θεός,
1001 4463 1025 4494 κ.
1044 4463 1066 4494 τ.
1082 4447 1104 4494 λ.
1122 4465 1134 4488 ιι
1150 4442 1203 4492 Νοη
1220 4439 1286 4489 enim
1306 4437 1371 4487 misit
