3186 5310
450 450 731 519 summanus
750 455 824 518 nin.
846 450 1114 536 v1u,§a(1xu.
1293 453 1353 516 aaa

320 593 519 670 Mensuram,
536 606 692 681 terraeque
711 589 812 675 sinus,
827 606 861 656 et
874 591 1011 657 Tartara
1023 609 1127 666 occat

321 702 412 784 Quot
428 697 546 766 fuerint
563 698 723 783 homines,
737 715 818 789 quot
831 698 907 779 sint,
924 713 1004 788 quot
1017 687 1134 763 deindo
1147 693 1265 774 futuri3

322 812 416 873 Astra
434 805 511 897 polo
525 807 736 896 quammulta
751 807 883 886 micent,
900 821 980 896 quot
994 804 1071 871 silva
1086 804 1226 870 virescat

233 912 298 982 365
323 914 518 994 Frondibus,
535 931 569 982 et
581 932 662 1004 quot
674 915 739 981 sint
751 914 868 1007 pisces,
884 913 1107 1003 volucresque,
1124 910 1275 1002 ferasque.
1349 991 1352 998 .

322 1023 394 1112 lpse
408 1021 527 1087 etenim
542 1022 664 1089 formas
674 1023 842 1088 hominum
855 1039 1045 1112 mentesque
1056 1017 1178 1108 creavi,

323 1131 396 1220 Ipse
409 1129 524 1198 animis
538 1147 634 1196 rectae
651 1130 753 1219 adjeci
771 1128 905 1196 rationis
920 1128 1078 1195 hono'rem

324 1237 552 1329 Doctrinaeque
568 1240 691 1323 facem3
712 1237 789 1303 finxi
803 1237 858 1328 qui
874 1237 994 1304 lumina
1009 1253 1043 1302 et
1056 1258 1165 1321 aures,

324 1343 429 1410 Audio
447 1344 502 1435 qui
514 1344 688 1436 videoque,
701 1361 735 1411 et
750 1345 905 1412 cordibus
918 1343 1030 1411 abdita
1046 1342 1143 1429 novi,

233 1448 301 1541 370
324 1453 435 1542 Usque
452 1453 547 1519 silens
561 1479 570 1519 z
586 1451 731 1519 sedenim
747 1451 839 1519 caecis
853 1469 979 1543 patrata
992 1448 1054 1519 sub
1066 1450 1192 1519 umbris

325 1561 397 1649 Ipse
415 1560 493 1626 olim
506 1562 539 1627 in
551 1561 655 1627 lucem
671 1584 832 1652 promam,
849 1560 1013 1651 poenisque
1028 1560 1216 1652 rependam,

325 1667 436 1751 Quum
452 1666 579 1734 veniam
591 1666 674 1735 solio
687 1692 727 1734 ex
744 1667 810 1734 alto
823 1668 877 1757 jus
890 1667 951 1734 rite
965 1669 1099 1736 daturus
1113 1697 1123 1736 τ

326 1775 391 1858 Qui
403 1775 485 1842 muti
497 1801 622 1862 vocem,
639 1775 754 1843 tacitos
766 1775 821 1868 qui
832 1775 978 1868 intelligo
992 1800 1114 1865 sensus,

325 1883 368 1949 Et
378 1902 536 1973 quantum
547 1884 642 1951 tellus
661 1884 763 1951 aoaeli
781 1883 901 1951 vertice
920 1884 1029 1973 distet,

235 1985 302 2079 375
325 1987 524 2081 Principium
538 2009 571 2059 et
586 1992 685 2058 finem
701 1991 777 2058 novi
794 2019 803 2059 τ
826 1991 946 2083 quippe
959 1992 1068 2057 omnia
1084 1991 1163 2072 feci3

325 2098 444 2165 Omnia
460 2118 534 2166 sunt
550 2124 590 2166 ex
601 2123 671 2177 me3
687 2123 747 2166 nec
758 2097 874 2190 prima,
890 2122 951 2165 nec
963 2099 1076 2163 ultima
1088 2099 1213 2165 fallunt.

324 2205 419 2272 Solus
431 2231 569 2299 namque
582 2231 642 2298 ego
659 2231 731 2274 sum
741 2210 829 2273 Deus
846 2206 931 2296 ipse,
948 2229 1007 2272 nec
1019 2223 1068 2273 est
1080 2209 1167 2273 Deus
1178 2206 1270 2272 alter.

371 2314 414 2378 Hi
430 2331 539 2380 tamen
551 2314 692 2405 effigiem
708 2333 852 2382 nostram
865 2313 927 2380 sibi
945 2314 1066 2379 habere
1078 2312 1238 2396 videntur,

326 2421 496 2487 Materiam
507 2421 615 2502 vilem,
630 2446 784 2489 manuum
795 2421 965 2488 simulacra
978 2444 1120 2502 suarum,

235 2525 303 2593 380
326 2528 407 2611 Quae
418 2530 507 2595 cultu
524 2529 636 2596 insano
648 2518 918 2621 libaminibusque
930 2529 1073 2621 profanis

326 2635 436 2721 Foeda,
454 2635 580 2728 impura
592 2637 715 2721 colunt,
729 2661 837 2704 rerum
851 2639 997 2728 genitore
1010 2638 1137 2703 relicto.
1150 2655 1159 2669 ·

329 2744 488 2835 [Quaeque
501 2748 571 2811 Deo
587 2745 773 2835 indulgente
787 2762 909 2825 tenent,
926 2746 1097 2812 vanissima
1116 2744 1217 2826 danti,

328 2853 426 2918 Grata
439 2852 499 2942 ipsi
516 2853 638 2918 donare
655 2871 769 2943 putant
781 2853 905 2945 ipsique
922 2855 1081 2943 decora]:

326 2957 397 3024 Sive
413 2959 512 3049 dapes
526 2960 668 3039 adolent,
683 2961 773 3027 velut
786 2961 827 3028 ad
841 2961 952 3026 feralia
964 2963 1075 3044 busta3

235 3062 302 3131 385
325 3064 397 3132 Sive
414 3085 557 3133 cremant
570 3090 682 3134 carnes
696 3085 730 3134 et
742 3068 847 3159 plenis
863 3093 934 3136 ossa
952 3068 1113 3155 medullis,

234 3235 308 3288 dotus
321 3236 372 3305 ipse
387 3254 394 3289 ε
411 3239 461 3290 Καὶ
481 3238 568 3305 κωφοῦ
578 3240 680 3304 συνίημι
693 3240 736 3291 καὶ
750 3242 779 3291 οὐ
814 3240 921 3307 quimur.
936 3239 1049 3307 Respexit
1060 3240 1110 3290 huc
1124 3240 1190 3290 haud
1203 3240 1276 3292 dubie
1288 3240 1363 3303 Justi·

234 3318 375 3378 φωνεῦντος
406 3313 503 3366 ἀκούω.
531 3316 644 3367 Ceterum
670 3313 781 3366 miranda
815 3332 860 3366 nus
880 3317 910 3365 dc
930 3315 1058 3366 llonarch.
1077 3315 1091 3382 5
1108 3319 1142 3366 9:
1164 3311 1215 3374 Οὓς
1237 3316 1364 3384 ἄνθρωποι

234 3387 329 3439 oractrli
337 3388 432 3457 prolani
445 3391 580 3442 similitudo
590 3408 647 3442 oum
660 3392 724 3441 libro
737 3392 780 3441 Sa·
816 3392 994 3457 μσρφώσοιντες
1006 3392 1049 3441 καὶ
1067 3392 1092 3442 ἐν
1117 3394 1184 3449 ναοῖς
1204 3393 1364 3460 ἱδρύσαντες,

233 3464 334 3535 pientia
345 3466 499 3525 Salomoniae,
515 3485 569 3535 cup.
586 3471 610 3530 l,
629 3484 653 3518 ιι.
673 3471 711 3528 ll,
726 3485 780 3534 sqq.
816 3468 1103 3535 διοὺςπροσιονόρασαν.

269 3537 328 3594 ata.
347 3541 411 3593 Olim
420 3535 485 3594 oldas
500 3553 525 3594 et
539 3542 630 3595 ἔκτισε.
851 3546 908 3594 381.
926 3542 977 3595 cu.
989 3560 1071 3610 supra,
1081 3546 1139 3604 263,
1148 3555 1171 3594 et
1181 3543 1253 3604 iufra,
1268 3549 1326 3607 ³96,
1338 3545 1379 3598 etl

268 3619 327 3668 δῖδ.
346 3616 436 3668 Carent
458 3620 517 3669 noui
539 3618 611 3670 codd.
629 3619 678 3669 hoc
695 3635 782 3680 versu,
817 3618 922 3669 Prooem.
939 3618 1023 3685 Sibyll.
1040 3616 1073 3668 lli
1090 3619 1138 3669 loci
1154 3619 1280 3670 lactantio
1300 3639 1363 3689 pre·

233 3691 321 3744 ueteris
334 3693 397 3744 bene
405 3695 526 3745 stantibus
540 3695 640 3746 fortasse
655 3696 730 3746 serius
743 3695 781 3744 in·
814 3694 944 3751 luxerunt,
970 3693 1033 3743 libro
1055 3694 1101 3755 IV,
1122 3712 1175 3761 cap.
1193 3700 1228 3746 1:
1249 3719 1261 3741 ιι
1277 3697 1363 3765 coepe.

232 3769 370 3836 sospolum,
390 3787 437 3820 nec
449 3771 511 3829 satis
527 3782 594 3822 recte
609 3789 616 3823 :
633 3789 688 3823 num
703 3773 780 3822 αὐτοῦ
817 3792 830 3816 ιι
842 3778 916 3828 runt,
940 3769 1032 3834 inquit,
1048 3770 1134 3820 relicto
1148 3781 1248 3838 parente
1262 3782 1286 3824 et
1303 3791 1364 3826 cou-

233 3853 300 3895 stare
311 3860 362 3896 uon
375 3854 456 3912 potest
467 3846 494 3896 in
507 3847 586 3914 prima
600 3863 711 3916 persona,
726 3862 781 3914 quae
817 3868 830 3892 ιι
847 3845 965 3896 stitutore
979 3845 1087 3895 omnium
1101 3846 1162 3907 Bao,
1175 3855 1222 3897 etc.
1234 3871 1247 3890 n

232 3919 539 3986 saevaesaeuae.
849 3925 905 3973 382.
925 3920 986 3971 Nori
1004 3922 1075 3971 codd.
1094 3923 1165 3972 πάντ’
1184 3925 1227 3973 ἕνα
1245 3925 1325 3989 φῶτες
1339 3928 1363 3978 δ·

268 3999 326 4047 all.
344 3995 409 4048 Olim
426 3999 566 4058 θτὸςῦστι,
581 3998 621 4048 scd
638 3998 695 4048 novi
706 3998 778 4048 codd,
814 4015 899 4065 χοντες
912 3998 1046 4065 ἀχρήστοις
1057 3999 1125 4064 δῶρα
1136 3999 1254 4062 διδοῦσιν,
1268 4003 1362 4054 omissis

232 4071 335 4136 silibet
351 4073 387 4123 sic
404 4073 455 4124 lere
468 4074 536 4125 Lact.
552 4074 618 4124 huuc
636 4075 714 4123 citans
726 4091 781 4124 uer·
815 4084 920 4141 quatuor
935 4083 987 4140 post
1002 4073 1193 4124 huucsersibus.

231 4161 296 4206 sum,
311 4147 356 4198 lib.
372 4148 398 4213 l,
419 4165 475 4217 cap.
491 4156 515 4210 6,
528 4166 666 4217 quanquam
680 4151 781 4217 paulum
849 4153 907 4201 384.
927 4153 965 4200 An
977 4150 1063 4199 melius
1074 4152 1244 4207 κνισσῶντεςδ

231 4221 328 4274 diversa
346 4224 469 4287 lectione,
488 4219 523 4282 εἷς
540 4225 615 4290 μόνος
635 4227 685 4290 εἰμί
705 4227 777 4283 Θτδς.
849 4228 907 4277 385.
927 4225 965 4274 Au
973 4225 1060 4275 melius
1068 4235 1168 4292 propter
1177 4230 1364 4298 metrumodp·

231 4296 443 4351 cmsermmdem
452 4301 705 4352 notissimumversum
714 4303 778 4369 apud
812 4318 859 4358 κας
872 4302 919 4368 γάρ
934 4319 961 4351 τι
979 4302 1078 4352 καίουσι
1094 4303 1135 4352 καὶ
1150 4306 1207 4354 dos·
1222 4304 1361 4367 pusl.?Vi·

231 4371 320 4442 Sibyll.
336 4374 379 4436 ΙΙΙ,
393 4379 450 4436 129,
466 4386 490 4428 et
501 4378 599 4444 passim.
812 4377 881 4427 derat
891 4386 957 4427 certe
966 4377 1011 4427 hos
1019 4393 1102 4427 versus
1112 4378 1253 4428 lactantius
1262 4379 1296 4430 it'a
1305 4380 1364 4430 scri·

268 4452 325 4502 tte.
346 4451 410 4503 Olim
436 4455 508 4521 χιρσί
538 4470 565 4504 τι
594 4453 730 4521 μορφώσας
753 4472 783 4518 γε
815 4451 885 4514 bens,
899 4452 1366 4522 Vl,cap.²:aldactantigituropimas

231 4525 346 4584 τταῖςτοδ
361 4529 531 4596 μορφώσαντα
543 4529 623 4589 τεαῖς,
634 4527 678 4578 ubi
689 4527 783 4595 primus
817 4549 830 4574 ι
841 4538 867 4579 et
880 4528 981 4595 pingues
992 4529 1082 4581 hostias
1092 4531 1363 4598 lleoquasiesurien1i3

232 4599 484 4672 θμνβορφόσττνττς
497 4623 505 4639 ·
519 4605 649 4659 nosoodd.
662 4620 781 4657 novosse·
818 4604 998 4672 «profundunt
1020 4604 1086 4668 vina,
1111 4615 1229 4673 unquam
1256 4605 1364 4669 silicum
