3186 5310
725 381 839 442 NO'l'AE

427 514 488 563 Cum
498 514 563 580 jaoct
575 514 681 565 incultus
691 514 771 564 densis
785 513 810 562 in
821 511 936 578 vepribus
947 510 1022 561 orbis.

429 598 549 665 nejicient
569 601 695 651 simulacra
715 600 777 662 viri,
791 608 904 649 cunctam
914 612 1011 663 quoque
1023 612 1113 662 garam.

364 688 411 736 225
429 683 521 734 Exuret
534 694 610 734 terras
620 685 690 750 ignis,
702 695 862 751 pontumque,
873 682 1005 749 polumque

427 767 570 834 lnquirens;
585 767 641 818 tetri
649 778 732 835 portas
744 777 827 817 exuret
837 765 937 816 Auerni.
968 771 972 779 ’

429 851 573 903 Sanctorum
587 852 695 902 sedenim
707 861 802 902 cunctae
817 852 860 900 lux
873 850 950 900 libera
965 849 1032 898 carni

426 937 559 1000 Tradetur;
571 948 651 988 sontes
663 948 780 988 eternum
791 936 887 1007 ssamma
900 934 1025 984 cremabit.

429 1019 543 1071 Occultos
555 1030 624 1071 aetus
640 1030 749 1086 retegens
768 1031 827 1070 tunc
841 1018 942 1084 quisque
953 1018 1081 1083 loquetur,

364 1104 413 1152 2³0
430 1101 527 1153 Secreta
541 1114 615 1170 atque
627 1104 690 1154 Deus
702 1102 817 1154 reserabit
826 1112 924 1168 pectora
938 1101 996 1151 luci.

428 1186 497 1237 Tunc
504 1186 551 1235 erit
558 1197 583 1237 et
590 1188 684 1246 luctus;
695 1187 832 1237 stridebunt
842 1187 956 1236 dentibus
964 1201 1056 1235 omnes.

429 1269 540 1337 Eripitur
549 1272 605 1321 solis
612 1272 696 1337 jubar,
707 1282 731 1322 et
745 1271 834 1322 chorus
843 1271 928 1321 interit
939 1270 1016 1320 astris.

429 1353 546 1404 Volvetur
558 1355 658 1414 caelum3
671 1355 764 1404 lunaris
777 1355 891 1420 splendor
902 1352 989 1403 obibit.

428 1438 530 1505 chiciet
552 1440 639 1503 colles,
653 1439 726 1488 ealles
744 1438 849 1489 extollet·
858 1438 889 1489 ab
902 1438 966 1496 imo;

366 1525 414 1573 2³5
431 1523 485 1573 Noa
496 1523 542 1574 erit
555 1524 579 1572 in
588 1523 660 1573 rebus
669 1524 797 1574 hominum
806 1523 908 1573 sublime
920 1522 957 1572 rel
969 1522 1061 1580 altum;

431 1607 485 1658 Jam
499 1618 625 1674 aequantur
635 1608 726 1674 campis
736 1618 844 1666 montes,
858 1618 881 1659 et
892 1608 978 1658 caerula
991 1605 1060 1672 ponti

432 1691 519 1741 Omnia
533 1691 673 1752 cessahuut;
688 1692 760 1741 tellus
771 1693 893 1742 confracta
905 1679 1003 1758 peribit.

432 1774 472 1825 Sic
486 1776 577 1841 pariter
590 1776 668 1826 loutes
680 1785 813 1835 torrentur,
829 1777 977 1842 fluminaque
988 1775 1047 1840 igni.

431 1859 462 1909 Et
473 1860 532 1910 tuba
545 1869 603 1910 tunc
615 1860 720 1910 sonitum
732 1861 826 1910 tristem
837 1862 947 1910 demittet
958 1859 989 1909 ab
1004 1860 1055 1909 alto

366 1946 414 1993 tto
431 1944 509 2003 Orbe,
521 1961 616 2010 gemens
627 1944 721 1994 lacinus
734 1944 847 1994 miserum
860 1945 987 2009 i·ariosque
999 1944 1102 1993 labores.

430 2030 620 2095 Tartareumque
632 2029 706 2080 chaos
718 2030 862 2080 monstrabit
875 2040 938 2080 terra
950 2028 1084 2079 dehiscens.

435 2113 464 2163 Et
473 2129 555 2162 coram
564 2113 605 2162 hic
615 2113 718 2162 Domino
730 2128 796 2179 reges
804 2113 918 2164 sistentur
926 2114 956 2163 ad
968 2128 1053 2162 unum.

435 2196 535 2248 Recidet
548 2213 562 2248 e
574 2198 632 2248 etelo
644 2196 753 2263 ignisque
766 2207 791 2247 et
803 2199 927 2266 sulphuris
939 2196 1024 2248 omnis.

269 2279 296 2329 lu
310 2281 356 2332 hac
365 2281 530 2343 translatione,
542 2282 716 2348 prseteraliqua
725 2298 778 2331 me·
805 2293 841 2333 est
865 2283 923 2333 olim
944 2281 1065 2348 scripsisse
1087 2279 1261 2345 interpretem,
1288 2265 1350 2330 :scd

237 2355 269 2404 tri
286 2355 344 2406 vitia
358 2356 426 2407 nohis
443 2357 512 2422 parvi
528 2357 653 2415 habenda,
675 2356 779 2407 maxime
805 2358 892 2418 tuba»,
901 2358 1040 2424 itajubente
1046 2355 1221 2406 sententiarum
1229 2363 1304 2420 atquc
1310 2355 1349 2422 ip-
1387 2360 1393 2370 '

236 2442 322 2482 notatu
337 2432 408 2497 digna
422 2442 478 2483 snut
487 2433 547 2483 hec.
562 2431 716 2499 Singulorum
726 2449 780 2482 ver·
806 2451 832 2483 so
846 2434 972 2484 literarum
988 2432 1082 2482 ordine.
1099 2431 1127 2480 ln
1147 2429 1234 2480 ultimo
1245 2430 1353 2496 deruquc

235 2523 305 2556 suum
319 2507 400 2572 initia,
412 2508 493 2573 qualia
504 2523 533 2556 ex
546 2524 624 2573 greco
638 2507 710 2557 titulo
723 2522 781 2572 pro-
806 2526 876 2558 versu
885 2509 977 2573 vulgata
986 2507 1031 2557 luit
1039 2516 1122 2571 estque
1129 2504 1321 2555 lectio-deridet
1329 2527 1351 2560 ι.

236 2581 335 2640 dihaut,
355 2599 422 2648 pene
449 2592 566 2647 tauquam
591 2599 659 2632 sacra
686 2597 781 2631 serrare
806 2582 877 2642 hene,
893 2584 913 2632 si
922 2582 953 2632 ad
966 2591 1069 2632 metrum
1083 2591 1107 2631 et
1121 2580 1227 2646 linguam
1236 2579 1352 2647 respicia-

236 2658 314 2707 roluit
327 2657 453 2724 interpres,
469 2656 551 2707 latinis
564 2667 660 2707 tautum
671 2672 781 2721 expressa
808 2668 856 2715 tur,
867 2659 930 2708 male
948 2657 967 2706 si
981 2658 1011 2706 ad
1026 2656 1165 2707 acrostichii
1183 2656 1260 2721 legem
1277 2663 1352 2720 atque

236 2732 323 2781 literis.
332 2730 396 2792 <Qus
410 2732 485 2782 latino
496 2733 602 2782 sermoni
615 2733 716 2782 deerant
729 2732 780 2781 ele·
807 2733 881 2798 ipsius
892 2731 1031 2798 interpretis
1042 2743 1147 2781 mentem
1160 2747 1168 2781 ι
1182 2746 1239 2780 nem
1258 2726 1353 2796 putarit

237 2816 327 2866 mcum,
343 2807 464 2872 supplerit
476 2805 542 2856 haud
555 2806 589 2857 ita
598 2806 710 2865 feliciter,
722 2815 749 2856 ut
761 2805 781 2855 si
807 2808 866 2872 ille,
886 2808 949 2858 sicut
961 2808 988 2856 in
1000 2806 1100 2856 vocibus
1119 2804 1173 2856 aliis
1192 2803 1352 2870 quibusdam,

237 2881 293 2946 quis
307 2898 336 2930 ex
354 2881 506 2931 acrostichiis
517 2880 618 2931 titulum
629 2881 729 2931 reficere
740 2898 783 2930 ve·
808 2882 936 2949 «relligio,
950 2882 1081 2948 relliquiis,
1096 2879 1191 2930 rettulit
1201 2902 1228 2937 ι,
1243 2894 1313 2944 posse
1327 2876 1353 2926 in

237 2955 276 3016 lit,
285 2955 529 3007 barbaruminveniat
539 2973 545 3008 z
555 2955 782 3008 lusvcscttuts-
808 2982 820 3000 ·
829 2958 919 3008 recidet
927 2980 938 3002 s
949 2973 1046 3025 quoque
1058 2955 1154 3006 literam
1162 2953 1280 3020 geminari
1294 2970 1354 3004 oon·

237 3029 306 3081 TOS.
317 3029 387 3082 tuv,
402 3030 505 3083 uiuos.
516 3031 627 3084 EOTER.
642 3030 704 3092 Quia
717 3031 778 3082 scili·
808 3042 942 3084 sonantem.
954 3033 1029 3090 ldem,
1040 3047 1116 3098 quum
1127 3039 1233 3080 metrum
1244 3027 1354 3079 suaderet

238 3115 417 3172 cetgraecevoi
431 3111 544 3159 ΙΗΣΟΥΣ
560 3125 600 3158 sex
611 3107 688 3159 literis
699 3106 782 3158 cifere-
809 3106 919 3158 «ecelis
933 3131 953 3165 n,
970 3106 1076 3157 scribere
1095 3105 1182 3156 maluit
1198 3127 1209 3148 α
1223 3119 1239 3153 e
1255 3103 1319 3153 celo
1331 3127 1353 3163 -,

237 3181 328 3244 batur,
347 3182 456 3249 quinque
478 3193 574 3234 tantum
590 3184 616 3232 iu
634 3184 709 3233 latino
724 3199 783 3232 con·
808 3183 911 3233 admisso
933 3181 960 3231 iu
984 3197 1074 3231 caesura
1096 3179 1177 3239 hiatu,
1194 3194 1272 3245 greca
1285 3187 1356 3228 utens

237 3257 335 3316 tinens,
361 3274 406 3323 pro
431 3258 520 3309 lusvs
545 3258 641 3324 scripsit
663 3258 783 3324 interpres
808 3257 907 3307 lieentia
924 3273 974 3321 quo
987 3256 1061 3322 magis
1074 3255 1355 3320 latineloquerctur.-

237 3331 361 3391 lusum,
375 3333 611 3398 velutambasgroeci
621 3330 726 3398 sigmatis
737 3333 783 3382 lor·
810 3332 840 3381 Et
852 3331 903 3381 hec
918 3331 1035 3392 hectenus
1052 3330 1083 3380 de
1091 3339 1196 3395 utraque
1212 3326 1356 3379 acrostichi·

239 3423 290 3456 mss
301 3406 320 3455 C
333 3415 358 3456 et
378 3409 395 3456 Σ
408 3418 578 3473 representare
590 3417 700 3457 conatus.
712 3407 784 3456 Dein·
809 3406 846 3455 dis
855 3405 941 3464 forma,
950 3421 1026 3472 quum
1032 3421 1117 3471 graeca,
1126 3415 1177 3455 tum
1191 3402 1276 3454 launa.
1285 3399 1357 3464 Quod

238 3480 269 3530 de
280 3482 306 3530 in
317 3498 376 3531 voce
386 3484 467 3545 ΥΙΟΣ,
483 3499 560 3548 quum
570 3501 584 3533 υ
594 3498 699 3548 grecum
709 3483 784 3532 latine
809 3481 855 3531 uisi
868 3481 920 3531 haec
928 3480 1060 3547 prolixiora
1067 3481 1119 3546 jam
1130 3479 1270 3529 riderentur
1281 3494 1357 3544 quam

239 3556 425 3617 desideraretur,
444 3557 478 3606 ita
490 3557 565 3608 vertit
579 3567 695 3622 tanquam
710 3557 785 3623 scrip
811 3574 855 3623 pro
868 3555 984 3622 simplicis
1003 3566 1065 3606 notre
1084 3555 1191 3614 modulo,
1209 3563 1359 3605 monstrare·

239 3641 291 3681 tum
304 3631 433 3682 invenisset
455 3635 567 3685 ΔΝΙΟΣι
581 3632 688 3682 viderint
707 3648 785 3697 gram·
811 3648 864 3680 mus
876 3630 909 3679 ihi
918 3631 1019 3681 alteram
1029 3630 1213 3681 acrostichide·
1223 3627 1359 3695 subpriore

240 3705 323 3756 matici
334 3708 421 3772 ecquid
434 3709 491 3758 inde
501 3708 581 3773 colligi
596 3707 670 3774 possit
678 3707 709 3757 de
721 3708 785 3758 anti-
812 3707 927 3757 latentem
951 3721 957 3755 ε
980 3706 1007 3756 in
1029 3706 1081 3773 ipso
1101 3705 1166 3756 enim
1187 3705 1259 3755 titulo
1279 3719 1360 3769 grmo

240 3797 288 3847 qua
308 3780 376 3831 istius
383 3782 458 3833 litere
466 3783 672 3849 pronuntiatione.
684 3781 786 3849 Sedjam
812 3781 899 3848 primis
919 3781 1075 3830 everborum
1102 3780 1180 3831 literis
1196 3795 1281 3830 rocem
1294 3778 1361 3829 effici

240 3855 285 3905 ista
294 3857 407 3923 pleraque
415 3868 519 3909 senserat
526 3869 551 3909 et
556 3859 624 3925 parvi
632 3858 734 3908 duxerat
739 3859 787 3908 Au·
812 3858 926 3918 ruera,
940 3872 993 3921 quai
1005 3856 1079 3905 latiae
1092 3866 1128 3906 est
1137 3879 1149 3901 α
1158 3855 1230 3922 piscis
1240 3876 1253 3899 s
1267 3870 1274 3904 ε
1290 3855 1363 3921 cujus

240 3931 348 3996 gostinus
364 3949 369 3980 :
386 3932 437 3982 hec
449 3934 521 3982 etiam
532 3934 636 3983 minora.
652 3933 728 3981 Versu
737 3936 784 3983 tat
813 3931 886 3999 piscis
893 3931 971 3997 imago
980 3930 1099 3981 delineata
1109 3968 1116 3990 ,
1126 3924 1260 3997 pracsertim
1267 3929 1294 3979 in
1306 3929 1362 3996 epi·

241 4006 404 4056 nconlractau
414 4008 508 4074 scripsit
516 4010 643 4075 interpres,
654 4008 718 4058 unde
729 4024 788 4058 eon·
814 4008 919 4074 taphiis‚
941 4022 1046 4072 quorum
1068 4006 1142 4056 hodie
1163 4006 1240 4056 multa
1253 4016 1363 4067 exstem,

239 4081 309 4146 jicias
323 4081 405 4146 legisse
416 4083 486 4132 illum
495 4084 521 4132 in
528 4083 661 4149 exemplari
671 4100 714 4133 suo
728 4085 788 4150 ῥηχ·
814 4082 950 4148 symbolum
959 4080 1005 4131 luit
1014 4081 1151 4130 christiane
1156 4080 1288 4145 religionis.
1300 4080 1364 4130 Ter·

242 4158 320 4216 θεῖσα,
331 4157 373 4206 uhi
381 4168 461 4208 textus
473 4158 620 4208 Eusebianos
629 4158 703 4209 habet
710 4176 788 4224 φρυχ-
815 4158 848 4207 tia
870 4167 949 4224 posset
965 4155 1049 4206 allerri
1069 4155 1210 4207 acrostichis
1227 4171 1308 4219 greca
1319 4172 1366 4205 uu-

242 4234 325 4292 tsicc,
350 4233 526 4284 «combustas.
552 4234 626 4284 Versu
649 4237 710 4293 tte,
733 4233 788 4283 cani
815 4233 894 4283 decim
910 4232 1018 4284 versibus
1037 4241 1149 4282 constans
1169 4231 1267 4295 grecis,
1294 4231 1369 4296 cujus

243 4316 370 4357 consuerat
378 4307 403 4358 in
415 4309 535 4369 ecclesiis,
544 4310 606 4360 sicut
617 4310 682 4375 apud
696 4310 788 4374 hugus·
815 4308 910 4367 titulus,
922 4309 942 4358 si
957 4306 1106 4370 reficeretur,
1118 4306 1158 4356 hic
1171 4315 1232 4356 esset
1247 4310 1369 4357 :110ss

244 4382 321 4432 tinum
333 4383 429 4447 legitur,
445 4395 488 4435 aet
500 4385 558 4436 tuba
569 4403 594 4447 »3
606 4395 717 4451 apertum
731 4400 789 4436 vero
816 4388 865 4435 ΕΙΣ
881 4390 941 4444 eut.
955 4384 1002 4434 hoc
1017 4382 1088 4432 initio
1103 4397 1110 4432 ε
1130 4382 1224 4446 Ἰχθύος
1232 4383 1371 4450 οὐρανίου,
