3186 5310
450 414 735 478 SlBYLLlNORUM
757 417 829 477 LlB.
853 414 917 474 XII.

136 544 195 609 135
219 546 309 609 Tunc
328 544 388 608 erit
406 544 553 636 Assyriis,
575 570 632 611 ceu
651 547 763 636 plenus
785 545 926 610 abundet
945 544 1084 607 Orontes

219 648 355 715 AEdibus
371 667 404 715 et
418 652 544 740 templis
563 669 595 717 et
613 652 770 742 quidquid
789 650 898 717 nobile
917 650 997 715 visu.

219 759 325 846 Atque
341 757 400 822 hos
421 758 538 822 eximio
557 783 613 823 rex
630 761 840 848 amplectetur
857 781 977 834 amore,

220 865 385 947 Quosdam
406 864 502 930 etiam
521 890 615 955 supra
635 866 787 954 reliquos.
806 865 869 931 Sed
888 865 1009 930 ferreus
1025 863 1128 952 ipsum

220 971 429 1059 Transadiget
447 995 569 1049 macru,
591 973 776 1062 finis-quum
794 971 916 1037 venerit
935 971 1009 1046 aevi,

138 1082 199 1157 ido
223 1079 264 1141 Et
277 1078 374 1142 miser
387 1077 509 1143 insidiis
523 1078 640 1166 perjuri
659 1097 770 1169 captus
784 1079 890 1160 amici,

222 1187 364 1273 Augusto
383 1185 416 1249 in
431 1185 585 1263 thalamo,
605 1186 718 1252 medioe
732 1185 949 1276 penetralibus
963 1183 1064 1264 urbis,

223 1290 370 1359 Occidet.
417 1292 496 1356 Inde
512 1291 593 1357 alius
609 1309 734 1381 sceptra
749 1291 919 1383 imperiosa
937 1289 1071 1370 tenebit,

221 1396 360 1461 Nomine
374 1397 600 1487 quinquaginta
614 1414 741 1480 notans,
754 1397 944 1463 venerabilis
958 1421 1038 1476 avo,

223 1503 321 1567 Urbis
338 1504 492 1568 Romanae
504 1503 623 1568 multos
638 1503 694 1593 qui
706 1504 820 1593 perdet
832 1504 990 1586 alumnos,

140 1608 199 1686 145
222 1609 291 1674 Nec
305 1625 411 1673 tamen
430 1609 483 1673 ille
498 1610 552 1675 diu
568 1638 576 1674 ε
596 1634 672 1676 nam
683 1609 767 1699 regis
783 1634 893 1675 amore
905 1609 1035 1697 prioris,

225 1714 366 1778 Invisum
380 1714 496 1780 ferient
508 1740 619 1781 averso
636 1716 767 1781 vulnere
784 1715 879 1781 cives.

269 1820 353 1885 Hinc
366 1844 466 1886 novus
485 1822 616 1886 accedet
632 1823 713 1888 solio
727 1822 791 1887 dux
806 1821 932 1887 inclitus
947 1822 1060 1901 armis,

225 1929 288 1992 Ter
304 1927 357 2017 qui
375 1944 523 1993 centenas
540 1929 687 2018 implebit
706 1928 836 1993 nomine
850 1944 968 2015 partes.

224 2034 397 2123 Regnabit,
413 2034 553 2124 lateque,
572 2051 660 2122 patet
672 2057 736 2123 qua
751 2034 886 2098 Thracia
902 2033 1008 2115 tellus,

142 2140 203 2206 150
226 2143 411 2205 lunumeras
425 2142 540 2229 perdet
554 2156 667 2229 gentes
682 2169 689 2204 :
708 2157 778 2205 tum
791 2141 928 2204 barbara
942 2140 1047 2205 Rheni

225 2247 345 2326 Turba,
361 2246 526 2334 sagittiferi
546 2247 639 2312 simul
653 2246 891 2334 exstinguentur
904 2246 1004 2313 [beri.

226 2353 287 2416 Sed
303 2377 379 2417 mox
395 2354 410 2415 J
414 2353 510 2417 udoeis
527 2353 693 2418 incumbet
709 2353 847 2417 maxima
863 2353 990 2419 clades:

226 2457 441 2546 Sanguineum
455 2459 551 2524 tellus
567 2459 730 2525 Phoenicia
747 2459 913 2523 combibet
927 2459 1076 2535 imbrem,

230 2564 429 2654 Assyriaeque
445 2565 561 2631 cadent
574 2566 676 2630 multo
692 2589 765 2629 cum
780 2564 880 2629 milite
893 2581 1011 2644 turres3

145 2670 206 2736 155
230 2672 294 2761 Ipsi
309 2671 426 2735 iterum
441 2671 585 2761 oppressi
603 2695 686 2736 saevo
704 2673 764 2736 sub
780 2694 855 2760 rege
866 2672 1031 2756 jacebunt.

223 2776 371 2842 Numinis
389 2777 463 2841 inde
477 2777 580 2841 minas
598 2794 777 2842 commotus
794 2777 909 2842 sentiet
924 2770 1029 2855 orbis3

222 2886 321 2947 Tetra
338 2899 467 2964 tremet,
484 2907 630 2972 saevaque
642 2884 695 2948 loe
714 2884 923 2956 bacchabitur
939 2908 1006 2964 aer,

224 2988 459 3076 Intempestivis
473 2989 614 3067 nivibus,
631 2992 811 3078 crebroque
827 2993 961 3054 tonitru.

222 3097 305 3159 Tum
323 3119 379 3158 rex
396 3095 449 3159 ille
465 3112 591 3184 potens,
611 3095 718 3160 medio
736 3095 769 3158 in
788 3099 962 3160 certamine
975 3093 1072 3177 belli,

138 3203 200 3266 160
222 3200 330 3265 Gallus
345 3200 559 3289 montivagos,
581 3224 760 3290 properans
778 3202 818 3266 ad
835 3201 957 3266 ludicra
971 3202 1098 3284 Martis,

222 3310 294 3373 Non
310 3324 432 3372 sortem
448 3307 593 3396 effugiet,
606 3309 663 3373 sed
679 3309 795 3373 acerba
812 3325 916 3373 morte
936 3308 1074 3398 peribit,

226 3416 331 3497 Quem
345 3414 438 3478 tellus
454 3413 554 3479 aliena
573 3430 672 3503 teget,
692 3437 855 3503 parvoque
870 3415 1051 3504 sepulcrum

224 3522 348 3586 Nomen
362 3521 486 3585 habens
503 3520 543 3586 de
557 3519 636 3584 flore
651 3520 752 3584 dabit.
801 3521 884 3585 Dein
899 3545 998 3611 regna
1012 3540 1156 3611 capesset

224 3629 293 3691 Rex
307 3627 400 3705 alius,
418 3627 469 3691 cui
487 3627 577 3691 frons
591 3643 754 3714 argentea,
770 3628 821 3692 cui
839 3652 925 3692 mare
938 3651 1071 3711 nomen,

139 3736 201 3800 165
225 3733 355 3824 Syllaba
370 3756 467 3821 quem
480 3732 584 3820 signat
598 3733 795 3821 quadruplex
807 3751 840 3798 et
851 3734 943 3800 litera
960 3734 1119 3823 princeps.

224 3840 384 3904 Omnibus
398 3838 451 3902 ille
467 3839 547 3903 locis
564 3862 636 3904 aras
652 3856 685 3904 et
697 3840 816 3930 templa
833 3866 890 3930 per
904 3843 1002 3906 urbes

171 4064 228 4111 151.
246 4058 322 4109 Codd.
339 4057 513 4122 οἱστροὸόλους
526 4054 546 4105 δ’
562 4055 596 4106 ἷό.
750 4060 805 4114 too,
820 4074 872 4123 sqq.
886 4057 922 4106 Ex
935 4055 964 4111 V.
981 4059 1023 4114 ts,
1036 4071 1089 4121 sqq.

98 4138 110 4150 ’
171 4130 681 4193 152.ctr.111.ssc;1v‚1ot;vttt,1oo.
750 4139 806 4186 tot.
818 4133 895 4183 Codd.
904 4133 929 4181 in
939 4132 987 4181 stne
999 4134 1109 4196 casalem
1119 4146 1260 4191 :nosocsm

172 4216 228 4263 15³.
244 4211 280 4259 Ex
294 4210 344 4267 Ill,
355 4213 414 4259 392.
715 4209 762 4259 nisi
775 4210 846 4259 malis
857 4211 983 4273 sepsistis,
998 4226 1028 4258 ex
1042 4208 1106 4257 libro
1119 4207 1149 4265 Υ,
1162 4210 1202 4257 tt.

172 4292 229 4337 15⁶.
248 4286 296 4335 Pro
309 4285 389 4344 Oscis,
402 4284 469 4333 dedit
479 4282 568 4332 Friedl.
579 4282 682 4338 τούτου,
753 4291 809 4336 161.
829 4286 911 4335 Codex
936 4301 1000 4333 unus
1018 4282 1045 4333 ὃν
1071 4284 1139 4337 som
1161 4280 1267 4333 omittit·

136 4364 200 4414 sicut
211 4362 269 4412 alibi
278 4363 303 4411 in
313 4361 351 4411 his
359 4360 444 4418 libris;
463 4359 504 4408 sed
512 4359 562 4420 hic,
570 4368 688 4408 utcontra
722 4378 768 4428 pro
778 4377 828 4426 quo
841 4362 904 4410 alter
916 4361 1009 4415 εἱιόνις
1021 4376 1028 4409 ;
1044 4374 1089 4407 nos
1103 4373 1166 4407 corr.
1232 4411 1235 4417 ‚

139 4436 690 4500 cndinu,itacoutrametmm,nisilegas
760 4436 1269 4501 164.(“ιιάι1,ἀργιὺςιεῖνοςτυωαπτ.

140 4513 462 4581 αὑτοῦαρήωαῶὼς.
760 4499 1273 4568 166.Pm0dtou;‚ignotasooe,lqm-
