3186 5310
358 438 376 482 x
808 429 1021 493 PRAEFATIO.

361 573 436 622 ante
448 559 554 648 procis
568 560 773 630 assimilabat.
789 563 870 647 Quis
883 587 949 630 non
962 563 1012 630 bis
1026 563 1058 628 in
1072 561 1216 628 versibus
1227 583 1400 651 agnoscere
1412 559 1472 625 sibi

358 665 503 733 videatur
528 672 665 735 Romani
682 671 808 760 imperii
823 673 920 754 vices,
936 672 1051 739 misere
1065 671 1216 762 discerpti
1232 670 1314 735 inter
1330 668 1471 751 aemulos,

358 775 534 863 praesertim
546 795 617 866 post
630 779 767 844 Neronis
779 781 918 845 exitum?
929 783 1009 864 Quae
1021 780 1128 845 onmia
1139 779 1270 844 minime
1278 777 1473 844 Philometo-

358 880 403 945 ris
416 883 614 972 temporibus
623 884 752 974 praedici
761 903 816 951 aut
829 887 926 952 etiam
935 886 1100 977 praevideri
1109 884 1262 976 potuisse,
1274 900 1360 949 recte
1372 907 1472 973 quum

359 989 490 1054 sentiret
515 992 681 1083 Evvaldus,
705 993 806 1059 voluit
831 995 943 1060 saltem
965 994 1004 1059 ad
1026 993 1110 1059 bella
1138 991 1240 1058 civilia
1259 991 1378 1057 referre
1401 992 1477 1080 quae'

358 1112 431 1159 ante
440 1098 578 1163 Caesares
586 1118 789 1181 exarserunt,
802 1118 896 1192 atque
905 1102 974 1168 haec
984 1103 1065 1167 inter
1074 1101 1150 1167 alias
1158 1124 1252 1166 causa
1261 1099 1321 1165 tuit
1331 1123 1387 1164 cur
1397 1123 1470 1165 nos·

357 1218 481 1269 trorum
500 1205 677 1273 carminum
691 1209 831 1300 origines
844 1211 885 1276 a'd
905 1210 1016 1275 ultima
1040 1208 1215 1300 Physconis
1227 1224 1373 1298 tempora
1388 1230 1469 1296 pro-

357 1330 511 1391 moveret,
531 1331 678 1405 utsupra
695 1316 828 1400 dictum,
845 1340 962 1408 nempe
984 1334 1019 1382 ut
1036 1341 1109 1383 cum
1127 1306 1321 1381 Gracchanis
1337 1313 1468 1379 seditio-

356 1416 452 1483 nibus
466 1439 692 1510 congruerent,
711 1447 729 1488 e
750 1424 879 1513 quibus,
902 1448 968 1489 non
990 1442 1056 1489 tam
1075 1446 1183 1514 perse
1202 1423 1352 1511 gravibus
1373 1445 1467 1511 quam

356 1523 447 1591 facile
464 1529 668 1618 compressis,
683 1529 799 1596 viderit
812 1531 925 1597 doctus
939 1532 987 1597 vir
1001 1555 1140 1621 quonam
1154 1530 1292 1594 mirabili
1317 1528 1468 1595 instinctu

356 1655 554 1721 praenoscere
577 1638 719 1726 potuerit
750 1654 836 1703 vates
861 1656 971 1704 noster
995 1638 1172 1704 Mariorum
1198 1654 1229 1701 et
1253 1635 1410 1726 Syllarum
1437 1651 1469 1699 et

355 1741 610 1808 Triumvirorum
639 1745 723 1810 bella
750 1745 865 1812 civilia.
894 1747 963 1812 Nos
990 1746 1120 1836 quidem
1142 1762 1265 1810 tantum
1290 1741 1469 1833 sagacitatis

356 1861 486 1937 tamque
503 1849 596 1939 longe
610 1852 778 1942 providam
798 1878 906 1919 rerum
918 1853 1123 1944 politicarum
1139 1851 1316 1934 scientiam,
1333 1849 1467 1940 Polybio

356 1953 462 2043 aliquo
477 1957 619 2046 dignam,
636 1960 806 2050 sibyllistae
820 1982 902 2050 aegre
915 1961 1133 2027 concedimus.

399 2062 474 2127 Non
484 2089 558 2129 vero
571 2066 704 2132 sinistris
713 2085 837 2135 tantum
847 2070 1018 2153 ominibus,
1031 2070 1088 2135 sed
1096 2068 1308 2134 acerbissimis
1319 2066 1469 2132 adversus

354 2170 518 2237 Romanos
531 2173 815 2263 imprecationibus
833 2178 946 2243 horret
958 2178 1051 2243 tertia
1071 2202 1157 2267 pars,
1179 2178 1289 2267 quales
1307 2170 1358 2241 h'ae
1380 2190 1466 2256 sunt,

355 2276 472 2365 quibus
486 2297 580 2369 poeta
596 2282 777 2350 damnatam
790 2287 906 2352 urbem
920 2285 1104 2375 alloquitur,
1120 2286 1197 2373 329,
1212 2308 1282 2376 sqq.
1303 2312 1312 2350 ε

443 2388 546 2450 Strata
564 2389 771 2456 cadaveribus
784 2415 895 2458 cernes
910 2409 963 2457 tua
978 2391 1079 2457 tristia
1093 2416 1167 2456 rura

443 2493 615 2579 Natorum,
631 2520 711 2586 quos
725 2497 771 2562 ira
785 2499 858 2581 Dei,
873 2499 1023 2589 pestisve,
1040 2502 1192 2580 famesve,
1263 2579 1266 2586 .

442 2601 568 2666 Bellave
582 2605 767 2671 sustulerint
784 2624 880 2696 atque
895 2606 1101 2696 implacabilis
1116 2606 1228 2690 hostis,

351 2721 384 2770 et
398 2705 491 2790 infra,
508 2711 585 2799 467,
601 2734 674 2801 sqq.
690 2740 700 2778 :

440 2817 523 2881 Tum
538 2818 658 2885 calidos
671 2839 804 2912 propter
821 2823 943 2888 cineres
955 2838 1114 2914 prostrata
1124 2823 1256 2909 jacebis,

442 2924 483 2988 Et
497 2941 551 2990 tua
564 2951 708 3017 praesago
723 2929 876 2995 lacerabis
895 2931 991 2996 corda
1008 2930 1133 3015 dolore,

441 3033 515 3097 Non
525 3035 594 3120 jam
612 3035 675 3101 feta
688 3037 795 3119 bonis,
812 3039 868 3104 sed
880 3038 989 3103 nutrix
1002 3039 1084 3104 facta
1098 3039 1248 3105 semrom.

352 3139 470 3206 Utrum
480 3142 628 3228 gratuitae
642 3142 710 3210 istae
724 3162 798 3211 sunt
811 3146 906 3210 otiosi
921 3145 1002 3212 vatis
1024 3145 1285 3235 imaginationes?
1305 3167 1346 3209 an
1365 3143 1467 3209 infen-

351 3245 467 3313 sissimi
478 3248 701 3317 Romanorum
714 3251 835 3317 inimici
849 3252 1066 3319 crudelissima
1075 3254 1172 3319 vota?
1184 3255 1260 3319 Haec
1272 3275 1349 3317 vero
1361 3275 1466 3341 neque

351 3354 476 3444 concipi
502 3380 607 3445 neque
635 3360 809 3449 excogitari
835 3376 1007 3450 potuemnt
1035 3359 1261 3425 Philometoris
1291 3357 1465 3422 autetiam

348 3459 525 3550 Physconis
537 3465 750 3554 temporibus,
768 3484 838 3533 tum
852 3492 952 3558 quum
971 3469 1110 3535 Romani
1126 3467 1242 3534 ludaeis
1262 3467 1465 3530 innotuerant

349 3568 512 3636 beneficiis
527 3572 629 3663 magis
652 3598 749 3664 quam
763 3575 898 3662 injuriis.

393 3676 481 3743 Illius
495 3703 586 3764 vero,
602 3706 666 3771 quo
683 3683 782 3748 Judaei
800 3700 913 3773 postea
928 3685 1126 3764 exarserunt,
1152 3675 1361 3770 implacabilis
1382 3677 1461 3763 odii,

347 3807 443 3851 causa
455 3810 522 3852 non
536 3806 584 3853 est
597 3813 732 3856 arcana:
747 3816 899 3881 oppressa
910 3816 999 3880 gens,
1011 3807 1103 3880 capta
1118 3806 1150 3854 et
1163 3787 1268 3853 deleta
1276 3788 1364 3870 urbs,
1378 3786 1464 3852 exci-

347 3916 419 3959 sum
432 3895 600 3985 templum.
618 3899 689 3963 Hoc
707 3898 882 3988 praesertim
908 3899 1021 3964 ultimo
1036 3896 1169 3963 crimine
1188 3894 1325 3986 incensae
1338 3895 1463 3962 brerant

333 3990 515 4067 'bominum
532 4021 668 4087 mentes,
687 4005 775 4095 quod
790 4022 899 4095 aperte
913 4004 1022 4070 videre
1039 4020 1099 4086 est,
1116 4003 1192 4084 324,
1209 4026 1280 4093 sqq.
1298 4032 1306 4068 ε

434 4111 585 4178 Occiduae
601 4130 767 4202 gentes,...
783 4115 877 4179 vobis
893 4131 942 4179 est
955 4136 1047 4203 poena
1060 4111 1183 4203 luenda

434 4219 607 4304 Omnibus,
622 4239 654 4286 et
667 4221 747 4287 dura
760 4222 960 4310 pereundum
975 4221 1058 4308 lege,
1076 4220 1163 4309 quod
1182 4221 1279 4284 altam

435 4328 560 4394 AEterni
576 4328 685 4394 sedem
699 4346 732 4394 et
745 4330 852 4420 magni
867 4327 1042 4420 penetralia
1056 4327 1139 4417 regis

433 4436 572 4501 Ferratis
587 4436 726 4525 graviter
739 4435 907 4503 mandistis
920 4433 1081 4504 dentibus.
1098 4437 1183 4524 Ergo

433 4543 537 4609 Strata
553 4542 775 4627 cadaveribus,
793 4559 856 4610 etc.
