3186 5310
584 452 814 518 PROOElsllUlli.
1238 454 1257 514 b

228 576 451 678 Omnipotens,
471 610 634 677 nunqnam
650 589 787 677 genitus,
806 609 914 652 curam
932 589 1045 677 aspicit
1058 610 1140 653 antis

229 694 356 773 Omnia,
371 696 500 761 mortali
517 719 582 761 nun
599 695 803 786 aspectabilis
821 694 887 761 ulli.

166 826 205 869 to
229 807 396 896 Corporeu
412 803 483 894 quis
499 804 585 869 enim
601 807 705 870 valeat
720 805 906 892 contingere
917 803 986 869 visu

228 913 393 978 Caelestem
414 937 588 1002 verumque
604 917 719 991 Deum,
735 938 831 1004 super
848 930 931 977 astra
949 913 1124 990 sedentem,

229 1020 339 1103 Quum
355 1044 413 1084 nec
431 1018 625 1086 flammantis
640 1020 797 1086 radiantia
814 1019 935 1084 lumina
950 1017 1026 1082 solis

230 1127 414 1192 Sustineant
429 1126 686 1192 oculi-mortales
701 1148 834 1191 eernere
849 1128 977 1189 contra!

230 1237 307 1319 Vos,
328 1233 491 1316 homines,
510 1234 599 1299 renis
613 1250 780 1324 oumpauta
796 1249 829 1298 et
844 1230 993 1297 carnibus
1012 1253 1095 1306 ossa,

169 1343 205 1408 15
230 1344 324 1407 Hune
341 1341 451 1426 colite,
471 1342 556 1407 hunc
572 1365 684 1421 unum,
705 1343 759 1431 qui
774 1341 861 1406 solus
873 1357 989 1430 regnat
1001 1339 1035 1404 in
1049 1341 1142 1423 urbe,

231 1450 295 1533 Qui
307 1449 395 1515 sulus
408 1471 598 1540 semperque
613 1449 685 1534 fuit,
702 1471 893 1538 semperque
907 1449 1051 1524 iuturus3

227 1557 404 1649 Ingenitus,
424 1557 466 1623 de
482 1581 517 1623 se
532 1557 671 1647 genitus,
688 1573 777 1623 tenet
795 1555 903 1622 omnia
919 1579 1060 1646 semper,

229 1665 460 1756 Humanusque
477 1665 560 1757 regit
578 1666 741 1732 cummuni
760 1665 794 1731 in
809 1663 928 1731 lumine
942 1686 1064 1730 sensus.

229 1773 364 1838 Praemia
376 1772 433 1839 sed
450 1772 566 1838 mentis
582 1797 740 1863 perversae
753 1772 851 1863 digna
866 1770 987 1850 feretis,

165 1906 207 1947 au
230 1882 365 1947 AEterno
379 1881 532 1970 quoniam
549 1905 690 1971 veroque
705 1898 837 1947 auctore
856 1879 980 1960 relicto,
1017 1938 1021 1945 .

231 1988 290 2054 Cui
304 1988 411 2054 decuit
426 1987 536 2055 landes
552 2004 585 2052 et
599 2006 725 2054 sanetas
741 1987 827 2052 ferre
844 1984 1063 2061 hecatombas,

230 2097 381 2164 Manibus
399 2095 532 2161 infernis
545 2094 664 2162 fecistis
679 2118 778 2173 saera,
793 2092 923 2182 superbi

149 2186 160 2207 ⁸
229 2203 399 2291 Insanique
411 2201 558 2268 homines
577 2226 585 2268 ε
604 2202 680 2267 bino
698 2201 791 2289 lunge
804 2222 822 2264 a
837 2199 966 2263 tramite
981 2214 1070 2262 recto

232 2307 371 2373 Errastis
386 2331 445 2397 per
456 2309 518 2373 iter
532 2308 672 2398 seopulis
688 2323 721 2371 et
736 2303 880 2373 sentibus
898 2298 1047 2370 horrens.

169 2416 208 2482 ab
234 2413 377 2480 Desinite
391 2414 446 2505 (ab
461 2419 468 2480 !
486 2415 558 2504 quis
574 2438 631 2479 vus
647 2430 845 2479 transversos·
858 2411 977 2502 abripit
992 2413 1131 2502 errori),

233 2522 376 2589 Desinite
390 2521 547 2588 ineassum
565 2538 663 2587 tetras
676 2522 807 2612 palpare
822 2522 985 2601 tenebras,

231 2631 387 2696 Mortales
403 2628 532 2696 miseri!
554 2629 703 2719 notisque
722 2629 851 2718 nigrore
869 2628 997 2712 relicto,

231 2737 371 2829 Arripite
388 2735 531 2803 oblatam
545 2736 647 2802 lucem
670 2759 678 2802 ε
697 2752 787 2826 patet
809 2735 959 2801 omnibus
976 2758 1063 2815 ecce,

231 2841 335 2921 Clara,
348 2864 463 2907 errore
473 2864 591 2908 vaoaus
609 2865 617 2907 ε
637 2867 677 2908 ne
695 2842 814 2908 currite
830 2865 958 2933 semper
968 2841 1010 2906 ad
1025 2846 1185 2923 umbram,

167 2952 209 3015 30
233 2950 343 3033 Quum
355 2948 403 3015 sul
415 2972 492 3015 eure
504 2947 610 3015 nitens
622 2949 684 3014 late
699 2949 807 3014 omnia
822 2949 893 3014 luue
913 2966 1051 3015 serenat.

233 3058 295 3123 Sed
310 3079 369 3123 vos
381 3058 452 3123 bae
463 3054 577 3121 animis
590 3057 751 3146 sapienter
764 3056 881 3121 inurite
896 3056 1008 3121 vestris
1023 3084 1031 3121 ι

233 3165 336 3242 Unus,
351 3163 407 3254 qui
422 3180 536 3230 ventos
550 3180 583 3228 et
596 3162 720 3252 fulgura
736 3163 834 3228 mittit
846 3180 880 3228 et
895 3163 1026 3242 imbres,

144 3348 210 3400 lione
228 3348 334 3399 seeundo
347 3348 451 3398 editore.
467 3349 565 3416 Utique,
582 3348 628 3397 nisi
642 3347 706 3397 libro
720 3346 751 3396 tv
765 3347 884 3414 posterius
896 3346 1049 3412 aliquantulo
1063 3346 1195 3408 videretur,
1209 3359 1268 3400 natu

144 3435 276 3489 mannum
295 3432 384 3489 haberi
401 3443 482 3502 posset
499 3432 676 3500 Sibyllinorum
690 3432 826 3495 warinum
846 3431 1033 3483 christianorum
1049 3447 1106 3483 eum
1125 3433 1188 3484 libro
1202 3433 1266 3511 llll,

143 3581 272 3649 grauitatis
283 3598 365 3642 musa,
380 3580 452 3632 simul
466 3590 490 3631 et
502 3578 692 3630 veritatistnrm
723 3578 783 3629 Exr.
801 3589 876 3631 nostr.
900 3577 944 3639 vt,
966 3594 1020 3646 esp.
1044 3581 1086 3639 82,
1108 3587 1133 3630 et
1146 3579 1201 3630 ride
1215 3589 1268 3631 nut.

145 3659 212 3726 quod
227 3658 259 3709 de
276 3659 339 3710 Filio
360 3674 403 3709 seu
424 3656 504 3708 Verbo
529 3656 620 3724 optime
642 3655 691 3705 dici
757 3659 798 3706 tt.
819 3654 894 3705 Paulo
909 3655 982 3705 aliter
997 3653 1129 3720 Theophili
1146 3655 1201 3705 oud.
1223 3657 1269 3707 ἀπ·

145 3742 240 3802 puterat
251 3750 266 3785 ι
279 3732 411 3802 Sibyllina,
431 3733 457 3784 id
470 3731 567 3783 nonnisi
585 3732 692 3782 insolen-
722 3733 822 3793 ἤλθετε,
845 3732 887 3782 οιαὶ
907 3731 938 3782 δι’
952 3731 1067 3783 ἀνανόῶν
1081 3731 1124 3782 καὶ
1138 3733 1268 3784 σκολόπων

145 3819 183 3861 ter
195 3810 226 3861 de
238 3810 319 3861 Patre.
333 3808 365 3860 lit
376 3812 428 3877 jam
435 3819 494 3860 ante
503 3808 691 3861 nusduetusan·
723 3808 873 3859 όπλονᾶοθε·
897 3808 992 3874 βροτοὶ,
1006 3807 1134 3860 παύσασθε
1147 3807 1205 3874 uuir.
1221 3809 1270 3860 Sed

145 3895 244 3937 notatur
251 3885 392 3953 Theophili,
407 3884 484 3936 Paris.
500 3887 573 3943 llll,
586 3885 620 3935 ita
632 3901 692 3935 cun·
723 3883 836 3934 Clemens
848 3890 877 3932 ut
891 3898 943 3932 nus.

143 3960 244 4027 jecerat.
260 3960 349 4012 Senam
359 3960 425 4012 idem
436 3959 478 4026 qui
493 3974 575 4026 supra,
590 3975 614 4009 ν.
627 3963 652 4020 5,
667 3971 692 4010 st
757 3963 798 4011 ta.
818 3956 890 4008 Deest
902 3956 945 4007 bio
959 3973 1040 4008 versus
1054 3959 1120 4026 apud
1134 3960 1210 4011 Clam.

145 4039 189 4104 qui
209 4037 235 4088 in
250 4036 349 4089 loannis
360 4035 490 4102 Evangelio
508 4035 542 4085 ibi
555 4035 597 4086 ult.
620 4035 691 4086 llnnc
757 4037 798 4085 at.
818 4034 893 4084 Clam.
910 4034 1048 4087 κολλὶποτι.

146 4124 170 4165 et
184 4129 237 4180 sqq.
253 4127 335 4162 sersus
347 4114 389 4171 rt,
401 4114 443 4171 25,
458 4112 500 4171 Π,
511 4110 569 4161 uitat
580 4110 691 4161 Clemens
756 4115 797 4162 ²8.
816 4111 888 4162 Hunc
908 4125 1007 4177 quoque
1026 4110 1085 4162 citat
1103 4128 1158 4164 eum
1178 4124 1270 4182 septam

147 4190 216 4241 Alex.
232 4189 259 4239 in
272 4187 394 4254 Protrept.
410 4201 465 4253 pag.
482 4189 524 4237 28.
722 4201 775 4253 sqq.
790 4186 902 4237 Clemens
912 4186 939 4249 in
950 4184 1071 4253 Protrept.
1083 4203 1137 4255 pag.
1152 4192 1193 4248 ss,
1205 4205 1272 4240 estm-

180 4267 222 4316 2⁰.
242 4262 292 4315 Gir.
310 4261 374 4320 vm,
388 4264 436 4313 stt
447 4271 472 4312 at
486 4264 543 4313 391.
722 4261 827 4329 ‹la-que
847 4277 945 4322 mrsas,
969 4261 1010 4312 sed
1026 4263 1118 4325 sulum,
1134 4264 1224 4315 Strum.
1241 4262 1271 4326 V,

180 4343 222 4392 at.
241 4337 277 4390 lle
291 4337 398 4388 cruentis
417 4336 555 4397 nannetis,
582 4352 692 4405 quene-
723 4352 777 4405 pag.
801 4340 860 4398 ns,
882 4337 1015 4406 utrobique
1028 4337 1119 4405 legens,
1143 4330 1217 4399 uisu<
1237 4341 1274 4393 lut

148 4429 271 4487 qusquam
279 4413 321 4466 bie
335 4414 548 4475 commendantur,
563 4421 592 4464 nt
609 4411 695 4482 pluis-
725 4413 798 4465 πάντ’
812 4415 865 4466 lert
875 4413 963 4480 σαφής.

148 4507 197 4561 que
208 4489 296 4550 risum,
308 4495 427 4555 querente
440 4495 536 4538 tantum
548 4495 621 4555 posta
630 4487 698 4554 qnod
711 4495 713 4499 ⁴
761 4490 802 4543 20.
819 4487 897 4549 (ilem.
910 4487 993 4556 tipus,
1004 4496 1030 4541 et
1041 4487 1100 4542 abbi
1114 4490 1204 4558 ψόφον.

149 4582 198 4617 non
220 4574 279 4616 seru
303 4561 384 4631 potins
403 4560 454 4615 neo
475 4559 626 4625 ultumam,
649 4560 694 4614 sir.
762 4565 803 4617 ³2.
824 4563 900 4619 nm
914 4565 1035 4634 strumis
1048 4565 1071 4615 τ’
1081 4563 1147 4619 lass.
