3186 5310
545 422 829 489 smuffluouuu
848 427 924 489 utu.
945 427 994 502 ΙΙΙ,
1013 425 1034 506 ᾖ
1054 429 1085 486 Ι.
1308 421 1366 482 119

376 557 467 620 Tunc
478 554 625 622 homines
640 557 680 623 de
695 574 790 647 gente
805 580 895 623 sacra
911 555 1030 646 fidique
1047 553 1190 644 bonique

334 662 526 749 Exsurgent‚
542 665 720 730 veneranda
734 665 793 731 Dei
809 680 968 754 praeeepta
984 663 1143 740 colentes,

247 765 309 853 575
335 768 431 854 Cujus
442 768 649 834 honorabunt
663 787 751 834 cesto
765 768 917 835 libamine
931 768 1100 857 templum,

333 871 512 962 Suffituque
528 873 583 962 pio
600 902 608 938 ε
625 891 694 940 tum
709 891 819 940 sancta
833 875 949 940 cadent
964 873 1165 950 holocausta,

335 983 375 1045 Et
387 981 470 1046 tauri
483 981 640 1072 ingentes,
659 983 741 1049 aries
756 1007 886 1073 quoque
902 982 1033 1061 multus,
1051 1005 1190 1071 ovesque

333 1087 458 1153 Primos
475 1089 576 1154 euixre
592 1088 688 1173 setus,
708 1114 782 1156 cum
798 1090 971 1181 pinguibus
987 1088 1088 1178 agnis,

334 1194 449 1259 Omnia
465 1219 535 1284 quue
550 1219 698 1284 maguam
712 1194 773 1260 rite
790 1195 996 1284 imponentur
1008 1194 1041 1261 in
1057 1219 1160 1260 aram.

246 1303 311 1367 580
336 1302 400 1392 lpsi
413 1302 523 1391 igitur,
541 1303 644 1391 legem
658 1301 787 1367 Domini
802 1327 929 1368 servare
942 1302 1063 1380 fideles,

333 1408 459 1497 Oppida
473 1409 579 1474 felices
593 1408 785 1473 habitabunt
795 1432 935 1498 arvaque
947 1409 1034 1487 laeta,

332 1518 422 1598 Quos
438 1517 526 1581 missi
543 1516 662 1581 ducent
679 1540 697 1579 a
714 1540 840 1580 summo
857 1540 932 1604 rege
948 1516 1127 1606 prophetae,

334 1626 482 1688 Humano
499 1622 608 1711 generi
623 1647 713 1713 spem
728 1624 938 1713 laetitiamque
953 1627 1102 1690 ferentes.

331 1732 458 1821 Quippe
473 1733 534 1798 illis
549 1733 717 1797 hominum
733 1733 808 1798 solis
824 1732 978 1821 impertiit
994 1748 1108 1798 auctor

243 1838 306 1903 585
331 1839 582 1927 Consiliumque,
601 1840 774 1928 fidemque,
793 1856 825 1904 et
838 1863 922 1904 same
936 1837 1066 1928 praemia
1081 1840 1207 1906 mentis.

328 1947 396 2010 Nec
410 1970 485 2010 vero
498 1947 586 2011 vanis
601 1947 765 2012 erroribus
782 1947 847 2011 ulla
863 1962 1015 2010 verentur

330 2050 416 2114 Ficta
430 2076 527 2117 manu
543 2053 722 2133 simulacra,
741 2077 801 2118 uec
815 2077 893 2118 auro
910 2051 979 2117 fusa
995 2051 1043 2115 vcl
1060 2074 1121 2118 aere

328 2156 423 2243 Signa
436 2159 486 2222 vel
502 2176 644 2246 argento,
664 2161 790 2248 lignove
807 2158 971 2246 exsculpta
985 2157 1087 2247 polito

328 2267 393 2327 Aut
402 2265 501 2328 ebore
515 2283 570 2329 aut
585 2289 660 2330 saxo
673 2265 899 2330 defunctorum
916 2288 973 2328 ora
988 2263 1137 2342 deorum,

241 2372 306 2454 590
329 2371 354 2433 F
357 2387 482 2435 ucatam
498 2371 600 2436 minio
621 2372 775 2459 argillam,
792 2371 950 2436 similesve
963 2368 1070 2459 figuris

328 2475 487 2556 Picturas,
506 2476 634 2543 vanisve
654 2479 751 2545 sacris
766 2501 975 2568 quecumque
991 2476 1149 2542 coluntur.

327 2586 391 2650 Sed
407 2611 504 2677 puras
517 2589 661 2654 Domino
677 2589 817 2678 gaudent
831 2586 978 2651 attollere
991 2586 1126 2675 palmas,

327 2695 423 2758 Mane
435 2718 521 2759 novo
534 2720 672 2784 purgare
687 2718 813 2772 manus,
832 2693 1036 2782 primumque
1048 2693 1151 2757 vereri

327 2802 454 2865 Numen
472 2802 684 2879 adorandum,
703 2819 829 2866 sanctos
846 2799 961 2865 exinde
976 2817 1134 2888 parentes.

239 2907 303 2992 595
327 2906 431 2971 Nullis
448 2924 535 2972 casta
551 2909 652 2998 magis
667 2925 833 2973 servantur
848 2906 968 2971 foedera
983 2905 1069 2970 lecti.

326 3012 393 3076 Nec
410 3014 553 3078 maribus
569 3014 676 3102 pueris
692 3015 777 3078 foedo
793 3013 970 3077 miscentur
986 3034 1115 3093 amore,

326 3119 440 3202 Qualia
452 3122 482 3186 N
486 3120 620 3209 iligenis‚
640 3121 842 3185 Plroenicibus
856 3135 952 3206 utque
965 3118 1083 3183 Latinis

324 3225 494 3290 Patrantur
510 3227 649 3316 populis,
665 3244 697 3290 et
711 3229 820 3291 Graeca
835 3225 1017 3289 tenentibus
1032 3246 1117 3300 arva,

323 3332 439 3411 Persis,
454 3350 487 3398 et
501 3333 636 3413 Galatis,
657 3332 843 3420 Asianisque
860 3329 1021 3408 omnibus,
1037 3329 1120 3396 ausis

232 3439 298 3503 600
322 3438 469 3503 Numinis
485 3439 595 3504 aeterni
609 3455 751 3504 sanctam
764 3454 969 3503 contemnere
985 3437 1101 3524 legem.

322 3546 414 3610 Unde
428 3563 461 3611 et
475 3547 628 3611 mortales
643 3548 729 3611 Deus
742 3542 931 3608 immortalis
946 3541 979 3609 in
990 3566 1102 3608 omnes

320 3647 1142 3743 AErumnamque,gravemquefamem,gemitusque‚
1148 3649 1354 3740 doloresque,

230 3825 448 3877 mtedellebraeis
461 3827 572 3878 ullostro
584 3829 687 3880 laudatis
699 3829 776 3879 inter·
807 3825 912 3875 melius?
925 3823 1050 3875 Notandus
1058 3824 1099 3876 hic
1107 3826 1174 3876 loeus
1182 3824 1212 3876 de
1222 3825 1356 3878 ablutioni·

228 3910 350 3968 pretatur,
367 3901 417 3952 cfr.
435 3918 518 3969 supra,
530 3907 578 3954 218
603 3921 657 3971 sqq.
807 3900 971 3964 husjutla'r'eis,
980 3900 1159 3966 quaslounues,
1172 3900 1260 3968 Ιίνιιις.
1270 3907 1357 3970 capl,

266 3979 323 4026 588.
342 3975 418 4027 ctam.
431 3980 528 4042 βροτῶν
538 3978 626 4030 εἴδωλα
634 3981 775 4044 καμόντων.
808 3993 830 4026 ν.
838 3981 863 4036 6,
871 3976 913 4026 τὸν
920 3977 1074 4041 καθαρισμὸν
1082 3977 1131 4026 τῶν
1142 3978 1269 4028 Ἰουδαίων
1275 3987 1357 4043 vocat,

231 4051 314 4104 Ambe
329 4052 445 4104 lectiones
462 4064 564 4119 possunt
577 4072 606 4104 ex
621 4056 726 4105 Homero
740 4070 779 4104 re·
809 4061 926 4101 mouente
940 4051 1067 4117 Sylburgio
1081 4050 1112 4101 ad
1126 4051 1202 4103 clem.

231 4127 301 4193 peti,
320 4127 390 4177 Iliad.
407 4148 430 4186 ν.
454 4133 512 4189 330,
525 4131 619 4197 νεκρῶν
635 4140 715 4183 tamen
734 4130 779 4181 he·
845 4130 903 4177 599.
923 4126 999 4178 Clem.
1018 4127 1107 4189 ὕδασι,
1119 4135 1144 4178 et
1156 4126 1183 4178 in
1194 4126 1242 4179 fine
1265 4128 1306 4180 τὸν
1320 4129 1358 4180 &tl

233 4201 318 4253 bente.
813 4203 941 4267 μεδέοντα,

269 4279 327 4329 989.
344 4276 422 4329 Cudd.
435 4282 575 4346 ζωγραφίας
586 4298 592 4329 :
603 4297 648 4331 uos
661 4298 726 4332 corr.
846 4285 903 4332 sut,
921 4281 1022 4347 Phocyl.
1035 4287 1061 4341 6,
1079 4291 1104 4332 et
1117 4282 1163 4334 cfr.
1176 4283 1208 4343 ll,
1222 4288 1263 4335 60.

270 4354 327 4403 ast.
345 4351 386 4404 sie
399 4353 458 4404 alibi
474 4372 572 4422 quoque
585 4359 676 4415 ὠλένας
689 4358 780 4422 ἁγνάς,
848 4360 908 4407 191.
925 4356 976 4406 Cfr.
992 4372 1074 4422 supra,
1090 4357 1134 4416 ΙΙΙ,
1151 4361 1206 4418 tus,
1218 4375 1271 4425 sqq.

237 4424 304 4487 tul,
317 4430 377 4480 251.
849 4440 906 4486 600.
925 4436 1002 4485 Codd.
1014 4437 1167 4502 παρέόησαν,
1179 4439 1241 4488 mule
1251 4447 1305 4505 post
1313 4455 1360 4507 up·

272 4504 330 4554 992.
349 4503 428 4557 Clam.
443 4507 508 4573 χρόα
521 4523 566 4574 pro
578 4509 665 4575 χέρας,
675 4525 708 4560 ιιι
721 4509 785 4561 forte
817 4516 934 4581 ροόάντις
946 4531 952 4567 :
966 4531 1011 4566 uos
1021 4533 1084 4567 corr.
