3186 5310
224 390 283 450 348
522 424 531 431 -
727 381 840 446 NOTAE

224 528 312 586 potest.
320 518 428 586 'l'amquc
435 521 545 585 uulgatus
551 529 649 586 umque
657 518 767 569 assiduus
795 512 847 564 ausi
860 526 911 562 non
924 525 1006 560 sumus
1021 519 1048 561 ut
1064 507 1149 572 ialsos,
1166 506 1292 575 quamvis,
1315 513 1342 556 nt

226 594 273 645 luit
281 610 358 660 quum
368 597 434 663 apud
445 595 541 646 ludmos
550 605 602 645 tum
608 595 673 661 apud
683 591 767 644 Claris-
795 589 896 647 dubios,
913 587 986 637 uncis
994 586 1173 636 incluserimus.

224 669 305 721 tiaoos
314 671 384 722 istius
397 671 497 722 suasorii
515 672 632 738 poematis
644 685 717 726 ursus,
739 677 768 718 ut
829 667 889 725 253,
903 680 957 730 sqq.
970 669 1000 712 ln
1012 663 1122 712 Excursu
1134 669 1219 711 nostro
1231 659 1273 719 Vl,
1287 672 1340 743 cap.

226 747 300 797 etiam
311 749 421 814 primarii
440 749 520 816 operis
536 746 686 815 Phocylidei,
703 746 768 796 unde
797 743 839 799 24,
853 740 901 790 late
914 740 971 789 satis
988 737 1115 805 exspatiati
1134 752 1219 787 sumus
1234 735 1266 785 da
1279 734 1343 802 ι’μυ

225 823 460 889 excerptumluerat,
470 823 609 872 memoriam
617 823 715 872 demum
724 819 768 868 ob·
794 813 931 885 praedatorii
949 814 1075 874 doctrina,
1102 828 1175 879 quern
1202 812 1239 862 sie
1253 825 1344 860 roone·-

226 897 370 961 scurauerit,
386 899 535 964 dubiumque
546 897 674 963 reliquerit
684 905 767 945 utrum
797 891 856 940 dum
868 891 1005 940 censuimus
1020 906 1052 939 ne
1064 905 1120 938 eum
1134 888 1191 955 igne
1200 885 1343 956 purgatorio

227 971 366 1039 Phocylidse
381 973 485 1039 genuina
501 973 609 1023 carmina
628 971 665 1020 sui
685 986 768 1020 revera
797 963 996 1015 contunderetur.
1012 963 1104 1031 Nempe
1116 961 1248 1028 injudicio
1261 975 1343 1026 supre-

227 1057 307 1099 essent
322 1048 442 1107 auctoris,
456 1065 488 1099 an
505 1047 536 1098 ab
550 1047 597 1097 alio
611 1047 726 1112 subrepta
739 1061 769 1094 ex
798 1056 848 1104 mo,
863 1040 997 1089 secundum
1009 1038 1173 1105 entiquiotem
1186 1034 1341 1102 theologiam,

227 1124 620 1191 antiquioribusSibyllinis,quod
628 1122 769 1173 Suidasnon
798 1132 899 1174 cunctos
908 1120 1234 1182 homines,nesanctissimis
1245 1119 1343 1187 quidese

228 1198 326 1251 dubitat
340 1216 446 1250 asserere
459 1201 497 1251 bis
512 1200 611 1251 serbis:
627 1199 683 1250 Elei
701 1199 728 1248 bl
740 1198 769 1248 iss
798 1199 915 1265 exceptis,
932 1215 976 1266 per
992 1200 1088 1265 igneum
1101 1199 1193 1248 llumen
1203 1198 1344 1248 melodum

229 1278 279 1326 τῶν
299 1279 462 1328 Σιὸυλλιακῶν
482 1277 646 1341 stampiso.
665 1273 769 1339 Pariter,
799 1275 830 1325 iri
844 1275 985 1342 putabatur,
995 1285 1023 1325 ut
1034 1274 1077 1341 qui
1089 1275 1147 1325 inde
1153 1273 1256 1325 maculis
1269 1274 1345 1325 omni·

229 1351 276 1401 nisi
296 1352 370 1402 eriam
392 1351 573 1417 impudentius,
593 1349 684 1416 Sibylla
703 1348 768 1414 ipsa,
799 1351 845 1401 bus
860 1349 956 1417 purgati
971 1351 1091 1413 exissent,
1116 1349 1283 1416 injustorum
1296 1366 1343 1399 on-

229 1425 382 1476 llomericam
402 1426 449 1476 sibi
467 1425 576 1476 vindicat
588 1426 696 1493 poesim,
718 1423 770 1485 lll,
800 1437 852 1477 tum
873 1427 1048 1494 reciperentur.
1062 1424 1142 1486 Quam
1154 1425 1293 1476 doctrinam
1305 1425 1343 1474 in-

230 1505 292 1561 ⁴43,
307 1502 350 1553 ubi
363 1503 420 1554 vide
432 1513 485 1552 not.
510 1503 574 1552 ilinc
589 1501 670 1567 aliqua
684 1500 771 1567 passim
801 1512 918 1570 terpretes
933 1502 1067 1553 extundere
1086 1501 1169 1552 conati
1189 1509 1248 1551 saint
1267 1499 1344 1551 ediri

228 1575 374 1643 l‘lrocylidea
395 1577 503 1628 versibus
522 1575 571 1626 suis
591 1575 720 1627 inseruisse
732 1575 772 1624 si·
801 1577 871 1626 Pauli
880 1576 952 1643 epist.
968 1576 1025 1626 lad
1039 1575 1151 1626 Corinth.
1164 1591 1220 1642 esp.
1229 1579 1252 1627 3.
1273 1574 1345 1625 Eam·

228 1652 337 1718 hyllistas
347 1653 447 1704 minime
460 1652 580 1718 singtdare
591 1669 621 1702 ac
639 1653 680 1701 uix
693 1668 771 1701 anno·
801 1652 856 1702 dem
867 1650 1009 1702 Lactantius
1018 1652 1090 1718 plene
1103 1651 1213 1717 exponit,
1221 1650 1276 1702 llis.
1284 1650 1342 1704 lust.

229 1729 323 1779 tatione
342 1728 443 1793 dignum
459 1738 536 1790 esset;
557 1728 598 1778 sed
618 1738 694 1778 totam
706 1727 771 1777 hanc
801 1727 845 1778 Vll
854 1767 861 1784 ,
875 1745 930 1795 cap.
940 1727 1102 1794 21;agnoscit
1121 1726 1173 1793 ipse
1189 1742 1235 1777 nee
1246 1727 1344 1779 danim

227 1818 341 1853 versuum
360 1803 415 1869 plus
427 1802 470 1852 XC
489 1802 636 1869 pericopen,
661 1806 769 1864 atr-148,
800 1801 870 1852 dirus
879 1804 1036 1868 Augustinus,
1049 1805 1079 1853 de
1092 1801 1213 1861 Ciuilei,
1229 1819 1302 1871 capp.
1315 1806 1343 1854 13

227 1889 383 1939 uaoteuore,
396 1881 482 1930 eodem
502 1879 588 1930 ordine
602 1894 714 1929 versuum
728 1896 770 1930 eo-
799 1888 824 1929 et
843 1882 888 1940 ²53
909 1879 982 1942 xxl,
1001 1895 1055 1946 cap.
1078 1880 1125 1936 26:
1145 1877 1251 1945 theologi
1272 1879 1344 1944 pleri·

227 1955 331 2021 demque
337 1955 387 2006 lere
394 1955 474 2016 initio,
483 1956 509 2005 in
521 1953 667 2021 sibyllinum
676 1963 769 2004 tartum
800 1970 848 2020 que
862 1954 1011 2020 antiquiores
1029 1954 1067 2004 uel
1088 1954 1239 2004 admiserunt
1249 1955 1289 2005 rel
1302 1970 1344 2022 pa·

227 2030 391 2081 introductam
404 2046 470 2091 esse,
481 2028 558 2079 cuivis
571 2027 681 2094 proiecto
697 2029 770 2079 nimis
799 2030 890 2079 tienter
901 2030 1012 2080 tulerunt
1025 2030 1111 2080 saltem
1126 2044 1203 2095 usque
1221 2030 1253 2079 ad
1268 2046 1343 2080 seen-

227 2106 306 2155 auda'x
316 2106 426 2171 plagiarii
436 2103 671 2155 lacinusridebitur.
684 2103 770 2169 ltaque
798 2103 849 2154 lum
866 2103 925 2163 llll,
941 2104 991 2154 sire
1004 2105 1035 2154 ad
1051 2102 1174 2155 Vincentii
1189 2104 1343 2156 Bellonoen-

228 2178 387 2245 interpolatus
405 2188 471 2230 totus
490 2178 532 2230 hie
546 2179 615 2228 locus
631 2178 714 2228 multis
729 2195 769 2228 re·
798 2179 830 2228 sis
843 2188 966 2245 tempora,
989 2177 1134 2228 seutentiam
1158 2178 1224 2229 hanc
1243 2194 1276 2228 ex
1295 2179 1344 2230 diri

227 2255 363 2305 oentiorum
381 2255 488 2305 creditus
503 2264 539 2304 est
552 2253 673 2319 hodieque
689 2254 769 2305 credi·
798 2255 926 2321 dragustini
951 2255 999 2304 lide
1022 2254 1163 2321 probantis,
1190 2253 1262 2322 Spee.
1288 2254 1342 2307 list.

227 2340 278 2381 tur.
306 2331 336 2381 ln
355 2331 479 2381 codicibus
493 2339 573 2379 tamen
590 2329 769 2395 antiquioribus
798 2329 953 2396 xxxll‚cap.
962 2329 1343 2396 sot.Eandenpsuserin01ies·

228 2421 272 2457 suo
287 2407 341 2457 loeo
362 2407 464 2472 legitur,
488 2407 556 2456 nulla
568 2405 615 2455 alia
632 2414 706 2467 nota,
721 2405 769 2454 nisi
799 2411 823 2452 te
832 2403 934 2467 viguisse
946 2405 1113 2469 demonstrant
1124 2406 1249 2472 complura
1261 2405 1344 2473 (llige-

227 2482 293 2548 quod
307 2482 411 2547 margini
421 2480 552 2547 ascriptum
566 2491 602 2531 est
611 2497 700 2530 nomen
712 2483 770 2531 Φω-
799 2477 1343 2548 uistestimonia,quinetipsiusllahumetiiu

229 2558 348 2609 rotrodo:
366 2558 392 2607 in
409 2557 472 2615 aliis,
484 2556 639 2623 paucioribus
655 2556 768 2606 minoris·
799 2552 903 2604 Corano.
918 2555 946 2604 ln
955 2554 1074 2622 Sibyllino
1085 2566 1168 2607 nostro
1174 2557 1238 2607 libro
1250 2556 1275 2607 ll
1284 2556 1344 2624 ignis

228 2649 277 2699 que
287 2632 456 2691 auctoritatis,
474 2647 615 2697 suppressus
622 2641 657 2681 est
668 2641 697 2681 ut
708 2631 768 2680 alie-
797 2627 839 2678 ille
857 2628 922 2678 iden
934 2630 1031 2681 videtur
1041 2632 1085 2698 qni
1098 2648 1187 2699 supra,
1205 2636 1266 2693 136,
1278 2648 1344 2700 sqq,

227 2707 571 2769 nus,etinliuemvoluminis
583 2708 694 2772 rejectus
715 2708 769 2758 Uti·
800 2705 907 2755 ‹sardens
919 2705 1113 2757 fluvius-dictus
1128 2717 1173 2771 est,
1182 2708 1249 2758 locos
1261 2723 1343 2758 omnes

226 2800 275 2849 que
294 2785 314 2834 si
334 2783 493 2850 interpolatus
510 2781 636 2832 habendus
647 2792 693 2839 est,
711 2799 768 2849 pro·
798 2787 868 2828 terre
880 2780 1001 2846 marisque
1015 2791 1220 2848 consumpturus,
1235 2782 1283 2832 uisi
1293 2781 1344 2833 -hoe

227 2857 291 2910 lecto
312 2875 361 2908 non
383 2875 398 2908 a
424 2857 548 2907 conditore
572 2856 695 2924 Sibyllinae
718 2859 769 2908 col·
798 2853 867 2903 malis
889 2853 1024 2920 intelligere
1042 2856 1073 2905 de
1096 2855 1180 2905 mundi
1203 2856 1282 2924 totius
1304 2856 1342 2906 iz·

228 2934 353 2997 lectionis,
370 2937 414 3001 qui
428 2936 491 3001 ipsos
502 2944 526 2984 ct
540 2933 565 2982 in
580 2933 712 3001 exemplari
725 2950 769 2983 suo
798 2930 925 2994 πυρώσιι,
943 2946 1006 2997 sepe
1024 2931 1050 2980 in
1072 2930 1197 2997 Sibyllinis
1220 2932 1344 2998 predicta,

227 3020 350 3076 repererat
364 3020 389 3061 et
404 3010 521 3075 genuinos
534 3010 645 3062 eredidit.
667 3008 728 3059 Nam
743 3008 769 3058 in
800 3005 839 3065 lV,
854 3010 910 3067 157,
927 3010 982 3067 1713
998 3006 1063 3071 l'lll‚
1074 3010 1205 3071 ἵκηαι,
1217 3008 1288 3059 etsie
1299 3024 1343 3060 ao·

226 3084 370 3136 transitione
389 3087 420 3135 ad
433 3087 499 3135 huuc
511 3086 608 3147 librum,
619 3101 693 3151 quam
704 3086 769 3151 apud
799 3079 888 3146 cepisse
899 3080 997 3131 videtur
1010 3080 1168 3146 dugssstinus,
1182 3080 1231 3133 loe.
1245 3081 1290 3135 cit.

228 3162 350 3221 nosvide,
366 3177 419 3228 pag.
437 3167 469 3213 50
487 3178 493 3211 ι
513 3156 590 3220 Εἶτα,
612 3160 706 3226 inquit,
721 3179 769 3211 rre-
832 3158 891 3216 331,
909 3170 965 3221 sqq.
990 3155 1056 3207 luter
1074 3155 1231 3222 origenianos
1250 3172 1344 3208 errores

228 3239 397 3303 ροιμιάζειτήν
405 3238 559 3298 ἄθλησιντῶν
569 3239 652 3301 ἁγίων,
660 3237 769 3286 alludens
798 3230 880 3279 nullus
897 3229 948 3280 fem
964 3241 1000 3281 etl
1013 3247 1075 3281 sans)
1095 3230 1222 3298 theolegio
1237 3232 1346 3300 ipsisque

226 3311 338 3363 videlieet
356 3314 386 3363 ad
397 3314 462 3363 illam
474 3330 531 3363 cum
540 3311 714 3362 certaminibus
722 3312 769 3361 ise·
798 3322 921 3356 metuntur
935 3307 1061 3357 literarum
1074 3308 1258 3360 definitionibus
1269 3310 1344 3377 magis

225 3387 315 3438 lasticis
326 3389 540 3454 comparationem,
551 3390 590 3445 39,
600 3403 652 3454 sqq.
669 3386 768 3451 thuo·
797 3381 912 3432 adversus
922 3398 996 3448 quam
1009 3384 1050 3433 ille
1061 3399 1110 3449 quo
1124 3400 1200 3452 poenar
1210 3384 1345 3437 inteomn

227 3479 284 3512 uam
296 3461 362 3512 istud
377 3465 545 3529 παροιμιάζει,
571 3460 768 3527 niiiadguomi-
797 3459 929 3525 aliquando
942 3459 1054 3510 desitum
1067 3461 1346 3527 ‹lamnatiqueinvitm

226 3553 268 3587 eos
280 3536 417 3603 Phocylidu
435 3553 525 3594 versus,
544 3539 684 3603 παροιμίας,
706 3537 769 3586 reie-
798 3534 893 3584 beatam
909 3551 992 3583 rursus
1010 3535 1153 3585 traducendi
1178 3535 1344 3587 declarantur.

228 3613 349 3663 rendum?
362 3612 427 3674 Quos
443 3613 464 3662 si
476 3630 490 3662 e
502 3621 570 3662 testu
579 3613 639 3662 velis
650 3612 768 3676 recidere,
799 3611 885 3675 ltaque
898 3626 947 3660 uon
961 3627 1018 3660 sane
1032 3613 1149 3661 miramur
1161 3610 1291 3662 librarium
1299 3610 1347 3662 ant

225 3689 277 3754 jam
283 3705 365 3738 versus
373 3692 427 3750 tte,
436 3704 500 3754 sqq„
510 3679 582 3744 οὗτος
590 3689 696 3753 depulsus.
705 3706 728 3740 τ.
736 3691 768 3746 l„
799 3687 872 3736 etiam
883 3687 997 3736 lectorem
1008 3686 1113 3753 aliquem
1124 3687 1167 3753 qui
1178 3685 1237 3737 libri
1245 3686 1347 3738 mnndi

227 3764 328 3831 propius
341 3765 456 3814 accedent
475 3764 505 3812 ad
524 3761 632 3829 priores,
655 3766 697 3821 39,
716 3779 769 3829 sqq.
800 3778 882 3811 versus
896 3766 954 3819 331,
966 3778 1031 3828 sqq,
1043 3763 1119 3812 iratus
1131 3772 1204 3828 atque
1216 3761 1349 3829 indignans

228 3840 272 3891 eol
295 3840 353 3890 τότε
377 3841 424 3906 γὰρ
445 3841 521 3902 μέγας
539 3840 626 3901 ἁγὼν,
648 3855 673 3887 ιι.
694 3855 717 3887 τ.
737 3841 769 3899 λ.,
800 3837 839 3888 vel
854 3837 1040 3904 transcripsisset
1052 3837 1090 3887 vel
1104 3846 1199 3888 tautum
1211 3838 1347 3904 attigisset,

136 3958 144 3971 ,
227 3915 340 3979 idemque
353 3914 537 3972 ieresonantes,
551 3912 718 3977 metaphoram
732 3913 770 3962 ni·
801 3911 887 3962 scholii
900 3910 977 3962 instar
988 3921 1071 3963 rictam
1088 3911 1153 3962 haue
1168 3913 1233 3974 sire,
1248 3923 1278 3964 ut
1295 3913 1350 3981 ipse

227 3992 274 4042 mis
286 3991 405 4057 prolixam
418 3989 538 4056 nimisque
558 3987 705 4039 fastidiosam
718 3987 770 4038 effi·
801 3997 889 4047 vocat,
904 3988 1058 4054 ἀντίῤῥησιν,
1074 3987 1157 4037 multis
1175 3988 1201 4037 in
1219 3987 1356 4040 codicibus

228 4069 303 4119 ciant.
321 4066 487 4116 llisomnibus
506 4067 570 4116 inter
582 4081 607 4115 se
627 4063 771 4114 collatisad·
801 4074 935 4126 serratarn‚
963 4064 1039 4115 textui
1059 4062 1177 4131 Sibyllino
1196 4064 1270 4131 hujus
1290 4065 1352 4119 libri

227 4143 340 4194 ducimur
358 4151 385 4192 nt
398 4142 443 4191 bos
455 4142 614 4208 Phocylideos
633 4157 716 4192 versus
733 4141 772 4191 in·
800 4139 947 4205 subjecisse:

228 4220 359 4284 terpolatos
367 4219 475 4284 quidem,
494 4217 618 4283 antiquius
631 4233 772 4283 veroquam
842 4218 989 4283 Ἀντῖῤῥησις
1001 4216 1035 4272 εἰς
1051 4215 1080 4265 τὸ
1092 4216 1151 4274 Τοῖς
1165 4216 1233 4269 καὶὸ
1247 4220 1354 4272 Hevro-

227 4295 373 4361 aSibyllinae
382 4295 531 4344 collectionis
539 4293 678 4344 ordinatore
689 4303 714 4343 et
721 4292 771 4343 ior·
1234 4295 1354 4362 spn'rarp.

228 4380 290 4419 tasse
298 4370 329 4419 ab
338 4380 437 4420 auctore
450 4368 586 4433 hujuslibri
597 4368 714 4434 primario
722 4384 772 4418 cre·
801 4368 885 4428 Ψευδῆ
895 4367 1035 4434 προφανῶς·
1047 4367 1103 4418 οὐδὲ
1112 4368 1159 4434 γὰρ
1168 4368 1234 4427 λήξει
1245 4373 1311 4423 ποτὲ

228 4445 329 4496 damus:
353 4462 428 4511 quare
452 4445 546 4511 ipsose
575 4453 642 4494 testu
663 4444 772 4494 recidere
802 4442 1318 4511 Τὸιιῦρκολὰζοιτοὺςιιαταιιιιιριμέιους,
