3186 5310
232 440 291 500 294
544 440 806 501 ΣΙΒΥΛΛΙΛΚΩΝ
828 443 953 504 ΛΟΓΟΣ
974 445 1019 501 ΙΒ.

341 582 404 649 Καί
422 610 497 651 ποτε
515 572 698 676 Ρωμαῖοισιν
721 588 992 680 οῖνασταχιιώσεται
1009 590 1096 664 ῖλκος

238 689 299 778 ι95
342 689 524 757 Δεινότατον
540 694 707 784 πολέμοις·
726 698 827 786 χώρην
851 688 888 760 δέ
905 722 955 785 μιν
975 685 1158 772 ἐξαλαπάξει

279 825 286 839 ’
337 799 446 862 Πᾶσαι
462 804 634 891 Γερμανῶν,
648 801 767 868 ὁπόταν
787 803 866 895 μέγα
879 812 963 894 σῆμα
981 805 1070 870 Θεοῖο

309 955 311 960 .
339 904 508 996 Οὐρανόθεν
526 915 678 998 προφανῇ,
698 907 751 973 καί
770 913 798 974 τ’
816 900 930 997 ἄνδρας
950 901 1201 999 χαλκοκορυστὸις

338 1009 549 1102 Τρυχομένους
568 1015 672 1079 σώσειε
692 1005 734 1079 δι’
753 1009 888 1087 εὸσεὸίην
910 1017 1068 1099 βασιλῆος.

338 1118 431 1201 Αὐτῷ
444 1115 501 1211 γὰρ
517 1119 594 1196 Θεὸς
617 1119 752 1210 οὸροίνιος
769 1119 853 1211 μαλε
872 1119 963 1187 πένθ’
981 1119 1162 1186 ὑπακούσει·

232 1249 296 1290 200
335 1209 532 1319 Εὸξα[μένῳ]
555 1218 652 1318 βρέξει
670 1212 903 1323 [παρακαίριον]
921 1222 1048 1319 ὄμβριον
1064 1215 1159 1314 ὕδωρ.

333 1318 411 1395 Ᾱλλ’
429 1330 546 1398 ὁπόταν
565 1323 604 1407 δὴ
623 1342 724 1399 ταῦτα
746 1335 888 1426 τελειωθῇ
905 1333 980 1423 οἷπερ
1001 1327 1094 1412 εἷπον,

334 1435 398 1503 Καὶ
417 1438 491 1504 τότε
508 1430 547 1512 δὴ
568 1437 708 1525 βασιλεία
725 1444 822 1514 κλοτη
840 1442 984 1534 μεγαλοιο
1005 1435 1138 1513 ἄνακτος

334 1537 482 1622 Εὸσιόέος
495 1542 593 1633 λείψει
609 1550 871 1638 περιτελλομέναις
890 1550 1051 1623 ἐνιαυτοῖς.

334 1648 387 1726 Ἐἰς
401 1639 437 1715 δὲ
456 1651 493 1716 τὸ
513 1654 611 1743 τέρμα
632 1650 709 1734 βίοιο
725 1656 790 1719 νέον
804 1654 893 1745 γόνον
912 1641 1141 1745 οῖμραναδείξας

134 1796 136 1801 -
229 1757 292 1823 205
333 1754 386 1832 Εἰς
407 1755 558 1841 βασιλειον
578 1742 696 1850 [ἰόντα
716 1744 846 1852 θανεῖτ’]
861 1752 940 1836 ἰδίης
959 1759 1018 1825 ὑπὸ
1038 1757 1156 1850 μοίρης,

333 1863 440 1949 Ξανθῷ
454 1866 641 1956 κοιρανέοντι
662 1866 759 1932 λιπὼν
776 1868 933 1950 βασιληίων
952 1866 1061 1957 ἀρχὴν,

334 1946 379 2047 ὸς
397 1961 536 2037 δεκοίδων
556 1956 658 2065 [ἕξει]
678 1963 734 2038 δύο
755 1974 893 2064 τοὸνομα
911 1972 1029 2064 πατρὸς
1046 1975 1120 2054 ἑοῖο,

325 2061 373 2142 Ex
388 2088 510 2171 γενετῆς
530 2081 671 2162 βασιλεὺς
690 2082 819 2173 γεγαὼς,
841 2070 1017 2155 διαδέξεται
1038 2061 1193 2169 [ἀρχην].

389 2182 492 2262 Οὗτος
513 2185 586 2275 ἀνὴρ
610 2178 668 2262 έξει
688 2189 895 2279 περισσοτέρῳ
916 2210 950 2250 τε
966 2191 1107 2278 λογισμῷ

232 2316 297 2356 210
339 2292 472 2358 Ποίντα’
492 2291 571 2384 οἷτὸιρ
595 2290 768 2386 μεγάθυμον
785 2287 928 2382 ὁπέρόιον
944 2276 1093 2382 Ἡρακλῆα

335 2400 482 2482 Ζηλώσει,
506 2397 557 2463 καὶ
577 2400 714 2465 ὁπλοισιν
737 2397 908 2488 ἀριστεύσει
923 2402 1125 2489 κρατεροῖσιν,

337 2485 381 2569 Ιίν
396 2531 431 2571 τε
451 2504 656 2597 κυνηγεσίαισι
675 2504 726 2571 καὶ
745 2504 895 2571 ἱππείαισι
914 2509 1055 2596 μέγιστον

339 2602 444 2689 Κῦδος
462 2611 557 2701 έχων·
574 2617 730 2702 οραλερῶς
751 2602 785 2676 δὲ
807 2612 950 2694 βιώσεται
970 2609 1063 2676 οἰόθεν
1085 2602 1158 2685 οἷος.

340 2718 430 2807 Σῆμα
450 2708 486 2782 δέ
500 2715 527 2780 οῖ
542 2718 630 2781 ἔσται
648 2711 777 2809 ῳοὸερὸν
797 2718 909 2784 τοότοο
929 2717 1136 2808 κρατέοντος·

234 2821 297 2887 215
338 2809 380 2888 Ev
400 2812 529 2907 δαπέδῳ
543 2807 655 2913 Ῥώμης
675 2823 763 2888 ἔσται
779 2822 898 2915 μεγαλη
920 2808 1009 2915 [τις]
1030 2822 1157 2913 ὁμίχλη,

340 2912 385 3006 έῖς
401 2930 500 3020 ἕτερον
520 2932 562 3018 μή
586 2932 657 3021 ὀροῖν
677 2928 816 3023 μερόπων
836 2930 891 2996 τὸν
910 2930 1038 3002 πλησίον
1059 2931 1164 2994 αὐτοῦ.

342 3035 404 3101 Καὶ
417 3035 491 3102 τότε
509 3026 548 3111 δὴ
564 3035 694 3127 πολεμοί
711 3061 745 3102 τε
763 3040 841 3126 ὁμοῦ
860 3037 911 3103 καὶ
930 3027 1157 3127 κηδεαλογρὸι,

342 3127 495 3209 ὁππόταν
515 3143 604 3219 αὐτὸς
621 3136 698 3219 οίνοιξ
714 3145 910 3234 ἐρωτομανὴς
926 3147 942 3208 ὁ
960 3142 1101 3232 μεμηνὼς

343 3229 417 3326 έίξει
437 3251 627 3340 ἐπαισχόνων
643 3251 679 3315 τὸ
700 3254 765 3316 νέον
784 3250 869 3342 γένος
888 3252 918 3316 ἐν
937 3249 1105 3339 λεχέεσσιν,

239 3381 302 3423 220
344 3355 478 3447 Αίσχρὸς
499 3351 727 3422 οίόοολεότοισιν
742 3358 790 3421 ἐπ’
806 3359 865 3447 οὐχ
883 3352 975 3431 ὁσίοις
989 3352 1140 3445 ὑμεναίοις
1157 3378 1165 3392 ·

342 3464 384 3536 Δη
402 3462 472 3528 τότε
485 3462 635 3554 χηροσύνῃ
655 3461 793 3553 κρυρθεῖς
812 3464 908 3553 μέγας
926 3445 1092 3554 [οὸλιμος]
1109 3460 1197 3549 ἀνὴρ,

343 3568 443 3642 Μῆνιν
459 3566 667 3658 ὑποσχόμενος
688 3552 935 3660 [καταβώσεται
954 3569 983 3632 έν
1005 3563 1168 3652 βαλανείῳ,

341 3662 427 3766 Ᾱνὴρ
441 3663 638 3765 ἀνδροφόνος,
657 3664 775 3750 δολίαις
794 3673 930 3767 μοίραισι
948 3663 1101 3750 πεδηθείς.

395 3759 459 3848 Ϊοθι
473 3779 542 3846 τότε
559 3762 670 3871 ῥώμης
689 3780 777 3846 ὀλοὸν
799 3766 945 3874 [χρόνον]
962 3783 1051 3874 ἐγγὺς
1071 3777 1174 3861 ἐόντα,

240 4008 264 4016 -
280 3980 398 4029 199200.
411 3976 497 4027 obiter
512 3978 543 4027 de
561 3977 662 4043 legionis
676 3976 856 4028 Fulminatricis
872 3978 1004 4039 miraculo,
1024 3994 1075 4027 non
1095 3986 1177 4026 tamen
1196 3985 1223 4024 ut
1237 3973 1369 4027 christia-

231 4081 329 4129 norum,
343 4064 385 4113 sed
407 4073 435 4114 ut
458 4063 531 4129 ipsius
549 4062 641 4113 Aurelii
659 4063 771 4129 precibus
792 4063 920 4129 impetrato
934 4062 1005 4112 :vide
1018 4072 1071 4112 not.
1084 4064 1190 4122 -909,
1212 4074 1268 4124 sqq.
1287 4060 1369 4111 Com-

267 4242 323 4291 194.
343 4238 379 4289 Ex
387 4237 432 4296 111,
448 4241 504 4288 382.
518 4237 569 4290 cfr.
580 4237 627 4300 xl,
640 4240 697 4288 200.
842 4239 898 4287 202.
918 4236 994 4285 Codd.
1007 4237 1083 4294 κλοτὴ
1099 4232 1218 4299 βασιλεία,
1230 4231 1318 4283 verbis
1326 4233 1370 4283 in-

266 4319 322 4366 191.
338 4315 417 4364 Godd.
432 4314 474 4363 καὶ
487 4312 539 4363 τότ’
552 4313 650 4381 ἄνδρας.
808 4311 889 4361 νειοῖο.

265 4395 322 4442 200.
342 4389 418 4440 Codd.
436 4389 568 4453 εὐξάμενος
586 4393 626 4457 βρ.
641 4391 708 4456 παρὰ
722 4405 776 4438 και·
843 4389 901 4439 294.
921 4385 998 4436 Codd.
1012 4386 1067 4451 βίον
1083 4384 1125 4433 τὸν
1137 4385 1193 4433 νέον
1206 4381 1292 4444 γόνον.

230 4469 283 4535 ρὸν.
842 4465 900 4513 205.
919 4462 996 4512 codd.
1010 4462 1111 4511 ναίοντα
1124 4457 1232 4520 θανάτῳ.

263 4545 320 4596 291.
339 4542 376 4592 Ex
389 4541 459 4602 Vffl,
473 4543 530 4592 299.
772 4562 774 4570 ·
843 4541 899 4589 2οῖ.
916 4537 993 4588 Codd.
1010 4539 1043 4594 ὡς
1056 4535 1166 4586 δεκάδων
1179 4535 1209 4583 ἐκ
1222 4531 1280 4583 δύο.
