3186 5310
229 395 290 460 240
555 396 817 462 ΣΙΒΥΛΛΙΑΚΩΝ
840 389 967 458 ΛΟΓΟΣ
987 390 1025 455 H.
1128 406 1130 411 ’

338 544 438 613 Γνῶθι
455 544 501 629 τίς
516 544 578 615 ἐσθ’
597 545 698 632 οὗτος,
712 547 764 616 καὶ
783 547 836 616 τθν
850 553 997 641 γενετῆρα
1012 542 1081 611 τότ’
1097 537 1139 632 όψ
1157 567 1179 609 ι.

391 763 540 854 Χηρεόσει
558 762 631 830 τότε
648 761 751 831 πάντα
769 763 870 855 χρόνῳ
884 764 1023 851 στοιχεῖα
1042 752 1083 824 τοὶ
1101 755 1235 847 κόσμου,

338 857 418 962 inp,
437 874 524 961 γαῖα,
543 869 696 956 θαλασσα,
712 871 789 963 φάος
809 864 902 963 πυρός
921 867 1111 959 αἰθομένοιο·

340 974 405 1044 Καὶ
422 975 520 1055 πόλος
536 976 687 1069 οὐράνιος,
701 977 754 1046 καὶ
767 971 831 1061 νὺξ,
851 976 905 1043 καὶ
920 975 1030 1065 ἤματα
1048 970 1166 1056 πάντα,

234 1084 299 1165 340
338 1082 392 1163 Εἰς
415 1080 445 1149 ἓν
467 1093 528 1176 πῦρ
548 1078 656 1164 ἥξουσι
673 1084 726 1153 καὶ
745 1085 786 1164 εἰς
805 1086 922 1178 μορφὴν
943 1083 1129 1175 πανέρημον.

340 1173 451 1283 Ᾰστρα
469 1188 527 1285 γάρ
542 1191 702 1282 οὐρανόθεν
722 1196 890 1285 φωστόρων
910 1190 1015 1258 πάντα
1028 1192 1182 1256 πεσεῖται.

342 1301 477 1366 Κούκέτι
492 1289 532 1372 δὴ
552 1301 726 1374 πτησονται
745 1306 792 1369 ἐπ’
810 1299 899 1393 ἀέρος
913 1298 1051 1389 εὔπτερον
1071 1293 1177 1386 ὄρνεις,

341 1405 425 1474 Οὔτε
444 1406 533 1490 βάσις
552 1407 663 1499 γαίης·
684 1408 771 1501 θῆρες
790 1403 849 1499 γὰρ
869 1406 1003 1482 ἅπαντες
1018 1408 1176 1471 ὀλοῦνται.

342 1516 429 1580 Κούκ
448 1504 567 1604 ἀνδρῶν
583 1514 692 1605 φωναὶ,
711 1519 744 1582 οὐ
760 1514 871 1608 θηρῶν,
887 1514 959 1581 οὕτε
979 1518 1137 1580 πετεινῶν.

236 1619 300 1701 305
342 1619 482 1712 Κόσμος,
501 1616 638 1699 ἀτακτσς
657 1625 723 1702 ἐὼν,
743 1627 777 1689 οὐ
797 1623 948 1715 χρήσιμον
971 1616 1047 1712 ἦχον
1065 1619 1200 1686 ἀκοόσιι.

343 1709 462 1818 Ηχησει
477 1717 512 1792 θὲ
535 1729 629 1811 βαθὺς
647 1730 763 1806 πόντος
783 1730 879 1822 μέγαν
896 1726 972 1820 ἦχον
995 1729 1140 1803 ἀπειλῆς·

343 1833 416 1900 Ζῶά
434 1859 467 1901 τε
482 1832 582 1908 νηκτὰ
602 1838 755 1929 τρέμοντα
772 1835 926 1913 θαλάσσης
946 1833 1049 1903 πάντα
1067 1835 1223 1900 θανεῖται·

344 1941 409 2009 Καὶ
427 1951 499 2019 ναῦς
516 1942 630 2036 φόρτον
647 1945 747 2036 έχουσ
766 1942 816 2013 ἐπὶ
834 1944 964 2035 κύμασιν
982 1943 1083 2010 οὐκέτι
1103 1940 1241 2007 πλεόσει.

343 2051 485 2124 Μυκάσει
499 2041 535 2116 θὲ
551 2050 633 2141 χθὼν
649 2050 860 2142 αἱμασσομένη
876 2053 1063 2142 πολέμοισιν.

238 2156 301 2225 350
345 2157 450 2224 Πᾶσαι
469 2148 499 2221 θ’
520 2157 686 2250 ἀνθρώπων
707 2156 803 2251 ψυχαὶ
827 2151 986 2250 βρόξουσιν
1004 2150 1124 2239 ὀθοῦσι,

345 2263 417 2329 Τῶν
434 2264 556 2356 ἀνόμων
578 2260 683 2356 ψυχῶν
704 2264 904 2360 όλολυγμοῖσί
922 2291 951 2332 τε
968 2259 1056 2354 φόθῳ
1071 2291 1116 2346 τε,

344 2371 517 2463 Τηκόμενοι
531 2363 626 2460 θίψει,
643 2378 737 2465 λιμῷ,
749 2379 849 2465 λοιμῷ
866 2398 911 2462 τε,
926 2372 1028 2464 φόνοις
1042 2398 1089 2453 τε,

344 2479 410 2546 Καὶ
429 2481 592 2546 καλέσουσι
610 2483 704 2548 καλὸν
723 2481 758 2548 τὸ
779 2480 891 2562 θανεῖν,
912 2480 965 2546 καὶ
984 2474 1104 2570 φεύξετ’
1122 2481 1315 2549 ἀπἀὐτῶν.

347 2588 464 2654 Οὐκέτι
485 2583 542 2679 γὰρ
563 2584 695 2665 θάνατος
714 2588 894 2668 κείνους,οο
916 2581 970 2664 νὺξ
988 2588 1169 2654 ἀναπαύσει.

168 2689 170 2692 ’
240 2693 303 2762 355
344 2689 456 2760 Πολλὰ
475 2684 504 2759 θ’
522 2694 711 2781 ἐρωτάσουσι
730 2694 809 2763 Θεόν
824 2719 859 2789 γε
878 2693 933 2761 τὸν
958 2692 1020 2759 αἰὲν
1035 2693 1144 2781 ἐόντα,

346 2797 410 2867 Καὶ
430 2799 497 2866 τότ’
513 2797 684 2893 ἀποτρέψει
701 2808 835 2895 φανερῶς
855 2801 892 2868 τὸ
912 2801 1077 2894 πρόσωπον
1098 2802 1152 2870 ἀπ’
1170 2805 1287 2869 αὐτῶν.
1341 2834 1343 2836 ’

345 2891 452 3001 [Ensis
468 2902 526 3000 γὰρ
547 2906 662 2975 αἰώνων
682 2907 845 3000 μετανοίας
859 2908 958 2998 ἤματ’
980 2900 1092 2975 ἕθωκεν

344 3004 483 3107 Ᾰνθράσι
500 3007 702 3105 πλαζομένοις
721 3007 775 3081 θεὰ
790 3016 889 3108 χειρὸς
909 3015 1066 3108 Παρθένου
1083 3002 1211 3111 ἀγνῆς.]

401 3121 504 3200 Αὐτός
521 3148 573 3214 μοι
589 3114 667 3190 τάθε
684 3121 786 3191 πάντα
803 3125 880 3201 Θεὸς
895 3123 956 3211 νόῳ
973 3116 1179 3216 ἐγκατέθειξε,
1227 3137 1231 3149 ’

243 3231 308 3298 360
350 3223 414 3299 Καὶ
434 3219 475 3293 δι’
490 3232 563 3321 ἐμοῦ
583 3231 742 3321 στόματος
756 3229 796 3297 τὰ
813 3232 981 3325 λελεγμένα
995 3229 1101 3297 πάντα
1119 3235 1268 3299 τελέσσαι.

350 3327 435 3421 Οἶδα
449 3338 509 3430 ἐγὼ
524 3332 660 3430 ψάμμαν
676 3343 704 3404 τ’
718 3337 876 3431 ἀριθμοὺς,
895 3338 948 3404 καὶ
963 3339 1063 3429 μέτρα
1079 3338 1254 3418 θαλάσσης·

241 3539 272 3550 -
285 3512 342 3563 330.
363 3508 422 3575 [Hic
436 3509 531 3567 lacuna,
543 3509 664 3562 incertum
677 3521 778 3577 quanta,
794 3528 807 3561 a
821 3511 894 3562 nobis
903 3512 990 3579 primis
1006 3521 1105 3562 notata:
1120 3522 1175 3580 post
1188 3513 1311 3573 lacunam,
1329 3512 1375 3563 in·

238 3595 301 3665 cipis
313 3596 399 3662 longus
411 3595 441 3645 de
459 3596 544 3644 mundi
563 3595 610 3645 fine
629 3597 720 3662 locus]
734 3626 765 3635 -
779 3600 837 3656 351,
853 3615 890 3663 sq.
911 3597 1008 3664 Septem
1027 3600 1168 3648 saecuiorum
1181 3614 1248 3648 mora
1261 3597 1375 3664 spatium

240 3681 388 3750 poenitentia
402 3681 489 3731 datura
503 3680 584 3746 generi
597 3680 714 3740 humano,
729 3680 842 3748 precibus
857 3697 943 3748 nempe
957 3681 1167 3748 SanctaeVinginis
1179 3682 1375 3749 impetratam

275 3845 333 3894 330.
352 3842 387 3892 Ex
396 3841 484 3892 loann.
499 3841 589 3906 Evang.
605 3858 658 3907 cap.
673 3843 712 3901 14,
724 3858 747 3891 ν.
759 3846 782 3892 0.
821 3863 833 3886 «
844 3850 868 3891 ει
881 3840 906 3890 in
919 3850 984 3891 terra
996 3842 1165 3908 quadrupedes
1178 3842 1241 3892 etin
1254 3857 1312 3892 nere
1326 3858 1374 3892 νο-

274 3922 332 3979 337,
341 3934 392 3984 sqq.
404 3917 493 3976 csrnl,
504 3920 563 3979 200,
577 3932 642 3982 sqq.,
653 3927 677 3967 et
688 3916 731 3975 111,
742 3920 784 3980 30,
820 3938 833 3961 α
842 3917 936 3979 lueres,
949 3927 996 3967 eie.
1008 3939 1020 3961 s

239 3992 342 4062 quiloci
356 3994 503 4060 hincpnlsm
515 3992 635 4059 desumpti
650 4002 715 4041 sunt.
801 4016 803 4020 >
854 3995 912 4043 345.
932 3992 968 4041 Ex
982 3993 1042 4043 Luc.
1057 3993 1148 4059 Evang.
1159 4009 1213 4060 cap.
1227 3995 1361 4053 21,ν,25.

271 4073 329 4121 340.
348 4069 387 4118 An
404 4069 568 4134 συρρήξσυσι,
585 4076 613 4117 ιιι
623 4068 659 4127 11,
675 4072 745 4118 201?
854 4070 912 4117 340.
931 4067 982 4118 cn.
996 4085 1078 4136 snpra,
1092 4072 1150 4119 230.

274 4148 330 4197 341.
349 4144 417 4194 Laet.
429 4142 483 4202 vn,
495 4161 549 4210 cap.
560 4148 589 4194 10
600 4160 606 4193 :
616 4166 627 4188 ο
637 4143 717 4193 Stellas
732 4158 789 4192 vero
858 4144 916 4191 ³51.
931 4142 970 4193 An
983 4145 1060 4210 ψυχαί
1075 4144 1163 4211 potius,
1178 4153 1204 4194 ut
1219 4160 1289 4194 versu
1304 4144 1377 4212 prio·

242 4243 255 4268 s
267 4219 420 4271 creberrimis
433 4218 536 4277 cadent,
554 4228 602 4270 etc.
611 4242 623 4264 ν
643 4219 693 4269 cn.
716 4219 790 4268 etism
823 4221 867 4268 re?
877 4217 947 4268 Hunc
961 4230 986 4269 et
998 4236 1049 4285 seq.
1060 4236 1155 4270 versum
1163 4220 1220 4269 novi
1234 4219 1306 4270 codd.
1320 4237 1378 4274 non

240 4312 323 4365 supra,
339 4298 395 4354 100,
408 4311 445 4361 sq.
821 4292 921 4344 habent.
937 4292 1077 4345 Translatus
1089 4307 1192 4361 uterque
1201 4295 1227 4344 in
1236 4295 1328 4346 librum
1338 4297 1377 4364 ΙΙ,

275 4377 335 4438 342,
345 4388 398 4438 sqq.
413 4371 483 4422 Hune
493 4370 666 4420 iocnmhabuit
675 4371 699 4419 in
709 4379 790 4420 mente
824 4386 846 4420 ν.
860 4371 922 4432 300,
933 4385 987 4436 sqq.
1004 4370 1093 4421 Sensus
1107 4373 1196 4422 ductus
1206 4381 1243 4421 nst
1253 4388 1267 4421 e
1280 4371 1376 4426 Matth.

243 4448 373 4516 latinisque
392 4446 472 4498 verbis
491 4448 610 4512 expressit
634 4446 788 4503 Lactantius,
824 4448 871 4503 24,
887 4462 911 4493 ν.
928 4448 976 4503 30,
992 4462 1066 4511 quem
1076 4448 1149 4498 etiam
1169 4464 1237 4514 paene
1257 4448 1318 4514 ipsis
1330 4467 1380 4500 ενι-

244 4523 304 4586 v11‚
319 4540 374 4593 σερ.
396 4526 425 4574 10
439 4539 445 4572 :
463 4521 589 4589 «Propter
607 4522 659 4572 hnc
676 4521 791 4573 deficient
824 4520 893 4570 hibet
909 4519 989 4570 verbis
1003 4522 1070 4573 [σοι.
1084 4523 1136 4583 vll,
1151 4540 1205 4590 cap.
1222 4527 1260 4574 10.
1285 4551 1300 4569 .
