3186 5310
231 446 289 506 29⁴
543 447 805 508 ΣΙΒΥΛΔΙΛΚΩΝ
827 449 952 510 ΛΟΓΟΣ
972 450 1018 508 lB.

340 589 403 656 Καί
421 616 495 658 ποτε
514 577 697 682 Ρωμαίοισιν
720 594 991 686 άνασταχνώσεται
1008 596 1095 670 έλκος

237 696 298 785 195
340 695 523 764 Δεινέτατον
539 700 706 791 πολέμοις·
726 704 826 793 χώρην
850 694 887 767 δέ
905 728 954 792 μιν
973 692 1158 778 ἐξαλαπάξει

278 832 285 847 ·
337 805 445 869 Πάπαν
460 811 633 897 Γερμανῶν,
647 807 766 874 ὁπόταν
786 810 865 901 μέγα
878 818 962 900 σῆμα
980 811 1069 876 Θεοῖο

308 961 310 967 ,
338 911 507 1002 Οὐρανέθεν
525 921 677 1006 προφανῇ,
697 913 750 979 καί
770 918 797 980 τ’
815 906 929 1004 ἄνδρας
949 907 1201 1006 χαλκοκορυστάς

337 1016 548 1108 Τρυχομένοος
567 1021 671 1085 σώσειε
691 1010 733 1085 δι’
752 1015 887 1093 εὐσεέίην
909 1024 1067 1105 βασιλῆος.

337 1125 430 1208 Αὐτῷ
442 1121 500 1218 γὰρ
516 1126 592 1203 Θεὸς
616 1126 751 1219 οὐράνιος
768 1125 852 1217 μάλα
871 1126 962 1194 πάνθ’
980 1124 1161 1192 ὑπακούσει·

231 1257 295 1297 200
334 1215 532 1326 Εὑξα[μένῳ]
554 1225 651 1324 βρέξαι
670 1218 902 1327 [παρακαίριον]
920 1228 1048 1326 ὅμέριον
1064 1221 1158 1320 ὕδωρ.

332 1325 410 1402 Ᾱλλ’
428 1337 544 1405 ὁπόταν
564 1331 603 1414 δὴ
622 1349 723 1406 ταῦτα
744 1341 886 1433 τελειωθῇ
904 1339 979 1431 άπερ
1000 1333 1094 1418 εἶπον,

333 1442 398 1511 Καὶ
416 1444 490 1511 τέτε
507 1437 546 1519 δὴ
567 1444 706 1529 βασιλεία
724 1451 821 1520 κλοτὴ
839 1448 983 1540 μεγάλοιο
1004 1442 1137 1519 ἄνακτος

333 1544 482 1629 Εὐσεέέος
494 1547 592 1640 λείψει
608 1556 870 1645 περιτελλομέναις
889 1556 1050 1629 ε’νιαοτοῖς.

333 1655 387 1733 Εἰς
400 1646 435 1722 δὲ
455 1658 492 1722 τὸ
512 1660 610 1749 τέρμα
631 1657 708 1741 βίοιο
724 1662 789 1725 νέον
804 1660 893 1752 γόνον
911 1647 1140 1751 άμῳαναδείξας

133 1803 136 1808 -
228 1763 291 1830 205
332 1760 386 1839 Εἰς
406 1762 558 1847 βασίλειον
577 1749 695 1857 [ἰόντα
715 1751 845 1858 θανεῒτ’]
861 1758 940 1842 ἰδίης
958 1765 1017 1832 ὑπὸ
1038 1763 1155 1857 μοίρης,

332 1870 439 1956 Ξανθῷ
453 1871 641 1964 κοιρανέοντι
661 1872 758 1938 λιπὼν
775 1875 933 1956 βασιλήϊον
952 1872 1060 1963 ἀρχὴν,

333 1953 378 2054 ὸς
396 1968 535 2047 δεκάδων
555 1963 657 2072 [ἔξει]
677 1970 733 2045 δύο
754 1980 892 2070 τοῦνομα
910 1978 1029 2070 πατρὸς
1046 1982 1119 2060 ἑοῖο,

324 2067 372 2149 Ἐκ
387 2094 509 2176 γενετῆς
529 2088 670 2170 βασιλεὺς
688 2088 818 2179 γεγαὼς,
839 2076 1017 2161 διαδέξεται
1037 2067 1192 2175 [ἀργήν]

388 2189 490 2269 Οὗτος
512 2191 586 2283 ἀνὴρ
609 2185 667 2269 ἕξει
687 2194 894 2283 περισσοτέρῳ
916 2216 949 2256 τε
966 2197 1106 2284 λογισμῷ

231 2323 296 2364 210
337 2299 471 2365 Πάντα·
491 2298 570 2388 ἀτὰρ
594 2297 768 2393 μεγάθυμον
784 2293 927 2389 ὑπέρβιον
943 2283 1093 2389 Ἡρακλῆα

334 2406 481 2489 Ζηλώσει,
505 2404 557 2470 καὶ
576 2407 713 2471 ὅπλοισιν
736 2404 907 2495 άριστεύσει
922 2409 1124 2496 κρατεροῖσιν,

337 2492 380 2576 Ιῖν
396 2537 430 2577 τε
450 2510 655 2605 κυνηγεσίαισι
674 2512 726 2578 καὶ
745 2510 894 2577 ἱππείαιοι
913 2515 1055 2603 μέγιστον

338 2609 443 2696 Κῢδος
461 2619 556 2708 έχων·
573 2623 730 2709 σφαλερῶς
751 2609 785 2682 δέ
807 2619 950 2700 βιώσεται
969 2616 1063 2683 οἰόθεν
1084 2609 1157 2691 οἶος.

339 2725 430 2814 Σῆμα
449 2714 486 2789 δέ
499 2722 527 2788 οἱ
541 2724 629 2789 ἔσται
647 2718 776 2816 φοβερὸν
796 2724 909 2790 τούτου
929 2724 1136 2813 κρατέοντος·

233 2828 296 2894 215
337 2816 379 2895 Εν
399 2820 529 2915 δαπέδῳ
541 2813 654 2919 Ῥώμης
675 2830 762 2895 ἔσται
779 2829 897 2920 μεγάλη
920 2815 1009 2922 [τις]
1030 2829 1157 2919 ὁμίχλη,

339 2919 385 3012 έὶς
401 2937 500 3026 ἕτερον
519 2938 561 3025 μή
585 2939 657 3027 ὀροῖν
676 2935 816 3029 μερόπων
836 2937 891 3002 τὸν
910 2936 1037 3008 πλησίον
1059 2937 1164 3000 αὐτοῦ.

341 3041 404 3108 Καὶ
416 3042 490 3109 τότε
509 3033 548 3118 δὴ
563 3042 693 3135 πόλεμοί
710 3069 744 3109 τε
762 3047 840 3134 ὁμοῦ
859 3043 911 3110 καὶ
929 3033 1157 3134 κηδεαλυγρδι,

342 3134 495 3216 (δππόταν
515 3150 604 3226 αὐτὸς
621 3143 698 3226 άναξ
714 3152 909 3242 ἐρωτομανὴς
925 3153 941 3214 ὁ
960 3148 1100 3239 μεμηνὼς

342 3236 417 3333 ίίξει
436 3257 626 3346 έπαισχιίνων
642 3258 679 3321 τὸ
700 3260 764 3324 νέον
784 3256 869 3348 γένος
888 3259 917 3322 ἐν
937 3254 1104 3346 λεχέεσσιν,

238 3388 301 3429 220
343 3361 478 3453 Αἰοχρὸς
498 3356 726 3429 άέοολεέτοισιν
742 3363 788 3427 ἐπ’
807 3365 864 3452 οὐχ
883 3359 975 3438 ὁσίοις
989 3358 1140 3452 ὑμεναίοις
1156 3385 1164 3399 ·

342 3472 383 3543 Aa
401 3469 472 3535 τότε
485 3469 635 3560 χηροσύνῃ
655 3465 793 3558 κρυφθεὶς
811 3469 907 3560 μέγας
925 3451 1091 3560 [οὔλιμος]
1109 3466 1195 3555 ἀνὴρ,

342 3576 443 3648 Μῆνιν
459 3573 666 3665 ὑποσχόμενος
688 3557 935 3666 [καταθγώσεται
953 3575 983 3638 έν
1005 3568 1167 3659 βαλανείῳ,

340 3668 426 3774 Ᾰνήρ
440 3671 637 3772 άνδρορένος,
656 3670 775 3757 δολίαις
793 3679 930 3771 μοίραισι
948 3669 1101 3757 πεδηθείς.

394 3767 458 3856 Ϊσθι
472 3786 542 3853 τότε
558 3770 670 3878 Ῥώμης
689 3787 777 3852 ὀλοὸν
799 3772 945 3881 [χρόνον]
962 3789 1051 3880 ἐγγὺς
1070 3784 1174 3868 ἐόντα,

240 4016 263 4025 -
279 3987 398 4037 196·200.
411 3984 496 4036 Obiter
512 3986 542 4035 de
560 3984 661 4051 legionis
676 3983 856 4035 Fulminatricis
871 3984 1003 4046 miraculo,
1024 4000 1075 4033 non
1094 3993 1177 4032 tamen
1195 3990 1222 4031 ut
1236 3979 1366 4032 christia·

230 4089 328 4137 norum,
342 4072 385 4121 sed
406 4082 434 4122 ut
457 4072 531 4138 ipsius
548 4071 640 4122 Aurelii
659 4071 771 4137 precibus
792 4070 920 4136 impetrato
934 4089 939 4120 :
951 4068 1005 4119 vide
1019 4078 1070 4119 not.
1084 4072 1189 4128 -209,
1211 4080 1266 4130 sqq.
1284 4065 1366 4116 Com·

266 4251 322 4300 194.
342 4247 378 4298 Ex
387 4246 431 4306 ΙΙΙ,
447 4250 504 4298 382.
518 4245 568 4299 etr.
580 4246 627 4308 xl,
639 4249 697 4297 200.
841 4247 898 4294 202.
918 4243 993 4292 Codd.
1007 4244 1083 4301 ιλοτὴ
1099 4239 1217 4306 βασιλεία,
1230 4236 1315 4287 verbis
1323 4237 1368 4288 in-

265 4328 321 4375 191.
336 4323 416 4374 Codd.
431 4324 473 4372 καὶ
487 4321 538 4373 τότ’
551 4321 649 4389 ἄνδρας.
808 4318 889 4368 venis.

264 4403 321 4451 200.
341 4400 417 4450 Godd.
435 4399 568 4463 εὐξάμενος
586 4401 626 4465 βρ.
641 4399 708 4465 παρὰ
722 4414 775 4447 και·
843 4397 901 4446 204.
921 4392 998 4443 Codd.
1012 4394 1067 4458 βίον
1083 4391 1125 4440 τὸν
1137 4391 1193 4440 νέον
1206 4388 1289 4451 γόνον.

230 4477 282 4542 ρέν.
359 4489 360 4493 ’
842 4472 899 4522 205.
919 4469 996 4518 Codd.
1010 4469 1110 4518 ναίοντα
1124 4463 1232 4526 θανάτῳ.

263 4553 320 4601 201.
339 4548 530 4610 Εκθ111,299.
689 4589 691 4593 ,
772 4572 774 4577 ·
842 4549 898 4596 2οΊ.
916 4543 993 4594 codd.
1010 4545 1043 4599 ὡς
1056 4542 1166 4594 δεκάδων
1179 4541 1208 4589 ἐκ
1221 4537 1277 4587 δύο.
