3186 5310
232 434 291 495 958
551 435 813 498 ΣΙΒΥΛΑΙΑΚΩΝ
835 437 960 496 ΛΟΓΟΣ
980 435 1029 497 lb.
1079 480 1087 505 ,

264 588 305 659 lio
346 576 564 678 Ψευδόπατρις
584 580 721 663 Θηόαῒος
740 585 826 677 ἀνὴρ,
849 587 972 676 Μέμφιν
993 576 1021 649 δ’
1045 585 1215 677 ἀγαπήσει,

346 694 444 770 Δεινός
463 692 544 785 ὅρις,
561 692 613 758 καὶ
632 690 735 759 πολλὰ
755 685 922 783 φυλάξεται
940 693 970 756 ἐν
984 694 1173 782 πολέμοισιν.

396 791 594 880 [Δωδεκάκις
615 790 747 875 δεκάτης
763 789 791 863 δ’
805 783 1061 891 ἐπιτελλομένης]
1079 795 1236 882 βασιλείας
1293 808 1298 823 ’

344 888 426 969 llnr'
442 907 492 974 ἐπὶ
506 906 557 972 καὶ
576 898 708 983 δεκάτης
728 890 836 998 [εἵως]
851 894 1072 986 ίκατοντάδος,
1097 899 1199 970 ἀλλων

344 1009 444 1079 Πάντ’
459 1013 709 1105 ἐπιλειπομένων,
732 1011 806 1078 τότε
825 1002 864 1082 δὴ
887 1001 1056 1102 Περσηίδος
1079 1011 1171 1101 ἀρχή.

267 1118 309 1200 45
347 1117 412 1183 Καὶ
432 1120 500 1186 τότ’
517 1106 668 1196 Ῑουδαίοις
684 1117 795 1194 σκότος
815 1119 947 1199 ἔσσεται,
962 1109 1033 1183 οὐδὲ
1050 1127 1219 1210 φυγοῦνται

346 1227 443 1315 Λιμόν
461 1227 513 1292 καὶ
529 1227 638 1316 λοιμὸν
655 1215 883 1316 δυσανάσχετον
897 1224 994 1316 ἤματι
1012 1223 1109 1310 κείνῳ.

398 1322 476 1400 Ᾰλλ’
491 1333 608 1399 ὁπόταν
631 1324 706 1422 ἀρξη
726 1329 860 1419 Πέρσης,
882 1330 933 1396 καὶ
945 1339 1086 1423 σκῆπτρα
1104 1323 1257 1422 προλείψῃ

345 1437 414 1514 Υἱὸς
428 1439 557 1518 υἱωνοῖο,
576 1440 832 1531 περιτελλομένων
850 1438 1007 1514 ἐνιαυτῶν,

344 1542 399 1622 Εἰς
415 1547 526 1635 μούνας
542 1548 630 1611 πέντε
646 1535 813 1633 τετράδας,
827 1528 953 1636 [ἑκατὸν
975 1533 1005 1606 δ’
1026 1540 1075 1605 ἐπὶ
1089 1521 1257 1628 ταόταιςδ,

268 1653 308 1715 50
348 1635 502 1727 Εννεάδας
523 1634 693 1743 [τελέσας]
712 1650 837 1726 ἑκατὸν,
860 1649 912 1716 καὶ
927 1647 1020 1715 πάντ’
1036 1645 1211 1722 ἀποτίσεις·

345 1756 407 1821 Καὶ
422 1756 491 1823 τότ’
512 1759 564 1847 ἕση
585 1758 721 1849 Πέρσῃσι
735 1755 840 1848 λάτρις
855 1747 994 1830 Μήδοισι
1013 1746 1147 1831 δοθεῖσα,

345 1866 484 1957 Πληγαῖς
498 1864 647 1954 όλλυμένη
669 1853 723 1929 διά
742 1888 776 1928 τε
793 1863 941 1955 κρατερὰς
959 1859 1097 1952 ὑσμίνας.

396 1968 517 2037 Αὐτίκα
532 1960 569 2042 δὴ
590 1972 740 2062 Πέρσαισι
753 1977 805 2034 καὶ
824 1957 984 2059 Ᾰσσυρίοις
999 1967 1091 2032 κακὸν
1111 1966 1218 2043 ἔσται,

344 2074 435 2163 Πάσῃ
456 2081 485 2140 τ’
506 2075 668 2168 Αἰγύπτῳ,
691 2071 789 2165 Λιόόη
810 2080 849 2156 τ’,
868 2061 917 2150 ἠδ’
939 2072 1128 2153 Αἰθιόπεσσι,

267 2182 306 2247 55
346 2180 431 2248 Πάσί
443 2207 477 2248 τε
498 2185 725 2273 Παμιρόλοισιν,
741 2173 779 2247 ἰδ’
796 2178 900 2258 ἀλλοις
919 2185 995 2247 πᾶσι
1011 2183 1161 2271 βροτοῖσι.

347 2286 407 2354 Καὶ
426 2288 496 2355 τότε
509 2289 625 2366 υἱωνοῖς
639 2281 730 2354 δώσει
747 2291 906 2372 βασιλήϊον
925 2286 1035 2379 ἀρχὴν,

342 2391 383 2460 Οἳ
401 2395 477 2461 παλι
491 2395 676 2486 πορθήσουσι
690 2396 777 2488 γένη,
798 2399 924 2471 πολλοῖς
943 2419 977 2458 τε
990 2393 1136 2484 λαρόροις

344 2501 438 2566 Γαῖαν
457 2494 687 2593 ἀραρπάζοντες
705 2503 791 2584 ὁλην,
812 2501 853 2589 μὴ
869 2498 1108 2591 συμπαθέοντες.

342 2605 451 2673 Αἴλινα
468 2605 648 2699 θρηνησουσι
660 2607 768 2699 λυγροὶ
784 2604 869 2695 παρὰ
886 2597 1007 2699 Τίγριδι
1027 2607 1160 2694 Πέρσαι·

261 2716 304 2778 όο
344 2711 498 2804 Αἴγυπτος
519 2704 676 2804 δακρύσει,
698 2716 815 2786 πολλὴν
834 2711 930 2801 χθόνα
950 2705 977 2776 δ’
997 2703 1181 2801 ἀρδεόσειεν.

395 2815 457 2882 Καὶ
480 2818 551 2884 τότε
568 2845 628 2902 σοι,
650 2809 759 2890 Μηδία
782 2802 908 2909 {quin}
927 2816 1009 2883 κακδι
1028 2815 1131 2883 πολλὰ
1146 2819 1272 2889 ποιησει

267 2986 275 3007 ,
341 2909 501 3018 Ῐνδογενής
521 2920 691 3003 πολόολόος
710 2910 847 3017 [ἀνὴρ],
862 2921 935 3015 ἀχρι
950 2924 1041 2990 πάντ’
1061 2922 1231 3003 ἀποτίσεις,

340 3012 430 3097 (λσσα
449 3033 546 3123 πάρος
561 3030 732 3108 πεποίηκας
748 3023 876 3096 ἀναιδέα
890 3028 984 3122 θυμὸν
1000 3032 1123 3122 έχουσα.

231 3240 264 3249 -
275 3213 316 3270 42,
332 3228 385 3278 sqq.
400 3213 498 3279 AEgypti
512 3229 578 3279 reges
590 3212 651 3262 CXX
665 3214 705 3279 [Ρ]
722 3230 766 3279 par
778 3213 864 3262 saecula
881 3212 948 3264 XVll
963 3213 1019 3277 [?].
1037 3222 1090 3278 post
1103 3228 1164 3278 quos
1177 3227 1280 3276 reguum
1293 3212 1361 3261 inci·

230 3295 423 3361 piet.Persarum
436 3297 501 3362 {boa
519 3297 617 3362 quidem
631 3299 694 3357 loco,
713 3307 739 3346 ut
757 3314 806 3346 non
824 3296 896 3345 semel
914 3296 939 3343 in
955 3295 1090 3361 Sibyllinis,
1111 3311 1166 3344 curn
1179 3295 1285 3361 Assyriis
1297 3312 1360 3345 con-

230 3379 362 3446 fusorum}
372 3410 403 3418 —
416 3385 456 3444 45,
468 3397 521 3446 sqq.
534 3381 610 3431 ludaei
620 3397 633 3430 a
643 3382 720 3431 Persis
731 3382 771 3446 [id
783 3389 827 3441 est,
836 3380 867 3429 ab
877 3380 1001 3446 Assyriis]
1014 3381 1076 3429 male
1090 3379 1193 3442 multati.
1201 3407 1234 3416 -
1245 3383 1289 3437 ll,
1302 3397 1361 3446 sqq.
1381 3441 1384 3446 Ι

230 3463 368 3514 Dominatio
382 3464 509 3513 Persarum
526 3463 565 3529 [id
580 3475 624 3524 est,
642 3465 828 3530 Assyriorum:
845 3464 899 3512 finis
915 3464 1010 3512 ltulaici
1028 3464 1095 3528 regni
1107 3473 1161 3529 post
1177 3463 1292 3513 ultimum
1311 3464 1361 3515 lie·

229 3547 488 3613 redem18edeciam}
504 3577 534 3585 -
552 3552 593 3606 49,
607 3566 659 3614 sqq.
675 3549 812 3598 luduorum
824 3549 926 3598 servitus
944 3565 988 3614 per
1001 3565 1076 3597 annos
1088 3548 1149 3597 CXX
1171 3548 1273 3613 [nempe
1292 3549 1361 3598 inter

265 3699 305 3745 40.
326 3693 414 3753 Exlll,
430 3696 485 3745 429.
845 3698 883 3744 48.
901 3694 990 3743 Habuit
1011 3695 1097 3743 Noster
1117 3693 1149 3742 ob
1171 3693 1254 3743 ocutos
1273 3695 1362 3747 locum

265 3773 306 3819 41.
326 3771 410 3826 Δσινδς
424 3773 477 3834 δρις
491 3770 516 3818 in
528 3768 618 3818 bonam
632 3770 773 3835 partambic
808 3768 864 3817 libri
879 3767 926 3825 111,
943 3772 1003 3827 999,
1021 3770 1085 3818 lectu
1101 3778 1124 3817 et
1143 3769 1270 3818 intellectu
1291 3771 1362 3821 disli—

230 3844 346 3904 sumitur3
362 3845 388 3894 in
399 3845 486 3895 ceteris
501 3861 557 3894 vero
571 3845 641 3894 libris
655 3861 703 3895 non
719 3846 751 3897 ita
766 3864 771 3893 :
807 3844 879 3893 cilum
891 3844 930 3905 (de
940 3860 988 3908 quo
1010 3860 1053 3892 nos
1067 3845 1200 3900 multasna
1215 3846 1269 3895 loeo
1286 3857 1311 3897 et
1332 3850 1361 3899 in

231 3918 276 3968 clr.
298 3919 328 3979 V,
344 3923 387 3981 29,
406 3931 431 3971 at
444 3921 502 3983 Xll,
527 3925 568 3980 81,
585 3924 642 3971 tat.
807 3918 880 3985 hujus
893 3918 941 3968 νοΙ.
956 3919 1117 3979 vastatione),
1127 3919 1176 3978 ubi,
1187 3938 1230 3986 pro
1239 3925 1300 3973 υἱῶν
1309 3918 1361 3984 ὧν,

265 3995 305 4043 42.
323 3993 399 4044 codd.
420 3997 560 4054 δωδεκάτην
573 3996 676 4050 δεκάδος
688 3993 715 4042 δὲ
731 4011 774 4043 πε·
808 3994 901 4059 lugebat
918 3994 943 4042 iu
960 3996 1043 4044 codice
1052 4012 1096 4045 suo
1110 3999 1217 4056 οἰωνῶν,
1227 3998 1294 4048 unde
1305 4001 1363 4066 ipse

232 4071 318 4134 ριτελλ.
333 4073 357 4133 β.
376 4088 381 4118 :
393 4071 434 4119 sed
449 4088 511 4121 tinus
524 4071 736 4138 περιτελλομένου.
809 4071 914 4126 υἱωνούς
922 4071 985 4120 inira
995 4088 1044 4119 non
1054 4072 1127 4120 sunuel
1137 4072 1273 4138 usurpabit,
1283 4079 1363 4128 modo

266 4146 306 4195 ta.
326 4143 403 4193 Codd.
417 4147 472 4201 ἕως.
813 4164 825 4187 «
837 4155 968 4211 posteros„
984 4147 1130 4212 significans,
1149 4149 1222 4197 modo
1243 4171 1256 4194 ιι
1276 4150 1363 4203 δυόω-

264 4223 304 4269 44.
325 4219 401 4268 Codd.
417 4222 540 4284 περσίδος.
811 4234 837 4266 οε
846 4240 868 4269 ν.
888 4221 931 4269 llic
944 4222 1042 4287 quidem
1052 4230 1136 4287 aperte
1145 4224 1245 4272 ultimus
1256 4223 1363 4279 ludaici

265 4299 305 4345 45.
325 4295 360 4344 Ex
375 4294 426 4353 tlt,
442 4298 499 4346 295.
520 4296 624 4346 Malebat
639 4296 675 4344 vir
693 4294 778 4344 doctus
811 4294 878 4358 regni
892 4296 961 4345 lieres
972 4297 1142 4362 intelligendus
1154 4292 1276 4349 sedecias.

231 4370 321 4420 Frieat.
349 4371 390 4420 καὶ
409 4371 466 4420 τότε
493 4375 634 4437 Ἰουδαίοις,
648 4383 673 4422 at
691 4381 773 4420 recte:
845 4374 885 4419 49.
905 4372 980 4421 Coild.
998 4372 1022 4420 in
1033 4374 1093 4430 line,
1103 4375 1246 4424 δεκατεύσει
1256 4375 1283 4424 δὲ
1298 4378 1364 4429 ταύ-

231 4446 305 4510 magis
317 4445 408 4512 quippe
428 4445 583 4511 sibyllinum,
598 4459 625 4498 ut
646 4447 687 4508 lv,
712 4450 755 4496 tar
766 4463 774 4508 ;
809 4461 853 4500 τας
863 4461 869 4494 :
881 4461 924 4493 uus
932 4456 1064 4512 utcumque
1073 4464 1149 4507 corn,
1159 4466 1235 4515 quum
1246 4451 1287 4501 ἐπὶ
1296 4455 1364 4505 ταύ-

231 4517 260 4579 V,
275 4521 332 4578 462,
348 4529 394 4570 etc,
810 4536 861 4576 ταις
881 4521 1016 4572 videremus
1035 4523 1095 4574 alias
1106 4541 1205 4592 quoque
1218 4536 1242 4578 et
1256 4544 1301 4594 par
1311 4529 1364 4582 laos
