<?xml version="1.0" encoding="UTF-8"?>
<!DOCTYPE html PUBLIC "-//W3C//DTD XHTML 1.0 Transitional//EN"
    "http://www.w3.org/TR/xhtml1/DTD/xhtml1-transitional.dtd">
<html xmlns="http://www.w3.org/1999/xhtml" xml:lang="en" lang="en">
 <head>
  <title>
</title>
<meta http-equiv="Content-Type" content="text/html;charset=utf-8" />
  <meta name='ocr-system' content='tesseract 3.04.00' />
  <meta name='ocr-capabilities' content='ocr_page ocr_carea ocr_par ocr_line ocrx_word'/>
</head>
<body>
  <div class='ocr_page' id='page_1' title='image "./oraculasibyllin00alexgoog/oraculasibyllin00alexgoog_0140.png"; bbox 0 0 3186 5310; ppageno 0'>
   <div class='ocr_carea' id='block_1_1' title="bbox 463 402 997 489">
    <p class='ocr_par' dir='ltr' id='par_1_1' title="bbox 463 402 997 489">
     <span class='ocr_line' id='line_1_1' title="bbox 463 402 997 489; baseline 0.015 -25"><span class='ocrx_word' id='word_1_1' title='bbox 463 402 741 470; x_wconf 79' lang='lat' dir='ltr'>srsrutruonuu</span> <span class='ocrx_word' id='word_1_2' title='bbox 763 407 834 470; x_wconf 79' lang='lat' dir='ltr'>ura.</span> <span class='ocrx_word' id='word_1_3' title='bbox 857 410 906 482; x_wconf 90' lang='grc'><strong>111,</strong></span> <span class='ocrx_word' id='word_1_4' title='bbox 929 409 948 489; x_wconf 70' lang='lat' dir='ltr'>s</span> <span class='ocrx_word' id='word_1_5' title='bbox 968 414 997 472; x_wconf 79' lang='lat' dir='ltr'>s.</span> 
     </span>
    </p>
   </div>
   <div class='ocr_carea' id='block_1_2' title="bbox 659 641 804 729">
    <p class='ocr_par' dir='ltr' id='par_1_2' title="bbox 659 641 804 729">
     <span class='ocr_line' id='line_1_2' title="bbox 659 641 804 729; baseline -0.007 0"><span class='ocrx_word' id='word_1_6' title='bbox 659 641 804 729; x_wconf 63' lang='lat' dir='ltr'>aa</span> 
     </span>
    </p>
   </div>
   <div class='ocr_carea' id='block_1_3' title="bbox 165 862 1107 2555">
    <p class='ocr_par' dir='ltr' id='par_1_3' title="bbox 165 862 1107 2555">
     <span class='ocr_line' id='line_1_3' title="bbox 252 862 1054 953; baseline 0.004 -26"><span class='ocrx_word' id='word_1_7' title='bbox 252 862 315 928; x_wconf 87' lang='lat' dir='ltr'>Sed</span> <span class='ocrx_word' id='word_1_8' title='bbox 329 885 429 952; x_wconf 90' lang='lat' dir='ltr'>quum</span> <span class='ocrx_word' id='word_1_9' title='bbox 442 879 529 927; x_wconf 91' lang='lat' dir='ltr'>certa</span> <span class='ocrx_word' id='word_1_10' title='bbox 542 863 644 929; x_wconf 88' lang='lat' dir='ltr'>minas</span> <span class='ocrx_word' id='word_1_11' title='bbox 659 863 822 953; x_wconf 75' lang='lat' dir='ltr'><strong>implerint</strong></span> <span class='ocrx_word' id='word_1_12' title='bbox 839 864 902 928; x_wconf 86' lang='lat' dir='ltr'>fata</span> <span class='ocrx_word' id='word_1_13' title='bbox 919 886 1054 946; x_wconf 87' lang='lat' dir='ltr'>severas,</span> 
     </span>
     <span class='ocr_line' id='line_1_4' title="bbox 253 969 1101 1060; baseline 0.002 -26"><span class='ocrx_word' id='word_1_14' title='bbox 253 971 340 1054; x_wconf 90' lang='lat' dir='ltr'>Quas</span> <span class='ocrx_word' id='word_1_15' title='bbox 352 970 479 1059; x_wconf 89' lang='lat' dir='ltr'>populis</span> <span class='ocrx_word' id='word_1_16' title='bbox 493 971 580 1035; x_wconf 90' lang='lat' dir='ltr'>Deus</span> <span class='ocrx_word' id='word_1_17' title='bbox 596 969 765 1060; x_wconf 85' lang='lat' dir='ltr'>increpuit,</span> <span class='ocrx_word' id='word_1_18' title='bbox 779 971 992 1036; x_wconf 88' lang='lat' dir='ltr'>condentibus</span> <span class='ocrx_word' id='word_1_19' title='bbox 1006 971 1101 1036; x_wconf 90' lang='lat' dir='ltr'>altam</span> 
     </span>
     <span class='ocr_line' id='line_1_5' title="bbox 254 1075 1076 1168; baseline 0.002 -28"><span class='ocrx_word' id='word_1_20' title='bbox 254 1075 383 1166; x_wconf 83' lang='lat' dir='ltr'>Assyrio</span> <span class='ocrx_word' id='word_1_21' title='bbox 398 1075 431 1140; x_wconf 91' lang='lat' dir='ltr'>in</span> <span class='ocrx_word' id='word_1_22' title='bbox 443 1100 558 1166; x_wconf 90' lang='lat' dir='ltr'>campo</span> <span class='ocrx_word' id='word_1_23' title='bbox 572 1077 686 1142; x_wconf 90' lang='lat' dir='ltr'>turrim</span> <span class='ocrx_word' id='word_1_24' title='bbox 701 1077 826 1168; x_wconf 84' lang='lat' dir='ltr'>(lingua</span> <span class='ocrx_word' id='word_1_25' title='bbox 838 1078 988 1143; x_wconf 90' lang='lat' dir='ltr'>omnibus</span> <span class='ocrx_word' id='word_1_26' title='bbox 1000 1102 1076 1160; x_wconf 89' lang='lat' dir='ltr'>una,</span> 
     </span>
     <span class='ocr_line' id='line_1_6' title="bbox 169 1183 1107 1272; baseline 0.003 -25"><span class='ocrx_word' id='word_1_27' title='bbox 169 1207 228 1248; x_wconf 86' lang='lat' dir='ltr'>roo</span> <span class='ocrx_word' id='word_1_28' title='bbox 251 1185 342 1248; x_wconf 91' lang='lat' dir='ltr'>Unus</span> <span class='ocrx_word' id='word_1_29' title='bbox 361 1200 393 1248; x_wconf 91' lang='lat' dir='ltr'>et</span> <span class='ocrx_word' id='word_1_30' title='bbox 407 1183 505 1248; x_wconf 92' lang='lat' dir='ltr'>ardor</span> <span class='ocrx_word' id='word_1_31' title='bbox 519 1201 587 1249; x_wconf 88' lang='lat' dir='ltr'>erat</span> <span class='ocrx_word' id='word_1_32' title='bbox 608 1184 766 1250; x_wconf 88' lang='lat' dir='ltr'>stellatum</span> <span class='ocrx_word' id='word_1_33' title='bbox 783 1185 933 1251; x_wconf 81' lang='lat' dir='ltr'>invadere</span> <span class='ocrx_word' id='word_1_34' title='bbox 954 1185 1107 1272; x_wconf 88' lang='lat' dir='ltr'>caelum):</span> 
     </span>
     <span class='ocr_line' id='line_1_7' title="bbox 251 1290 941 1376; baseline 0.003 -22"><span class='ocrx_word' id='word_1_35' title='bbox 251 1292 342 1355; x_wconf 75' lang='lat' dir='ltr'>&#39;l&#39;unc</span> <span class='ocrx_word' id='word_1_36' title='bbox 355 1290 542 1355; x_wconf 87' lang='lat' dir='ltr'>immortalis</span> <span class='ocrx_word' id='word_1_37' title='bbox 552 1292 675 1376; x_wconf 89' lang='lat' dir='ltr'>jussum</span> <span class='ocrx_word' id='word_1_38' title='bbox 688 1291 781 1357; x_wconf 89' lang='lat' dir='ltr'>fatale</span> <span class='ocrx_word' id='word_1_39' title='bbox 794 1292 941 1357; x_wconf 88' lang='lat' dir='ltr'>voluntas</span> 
     </span>
     <span class='ocr_line' id='line_1_8' title="bbox 253 1395 993 1486; baseline 0.003 -26"><span class='ocrx_word' id='word_1_40' title='bbox 253 1395 410 1486; x_wconf 85' lang='lat' dir='ltr'>Imposuit</span> <span class='ocrx_word' id='word_1_41' title='bbox 421 1397 537 1479; x_wconf 81' lang='lat' dir='ltr'>ventis,</span> <span class='ocrx_word' id='word_1_42' title='bbox 553 1413 588 1462; x_wconf 89' lang='lat' dir='ltr'>ut</span> <span class='ocrx_word' id='word_1_43' title='bbox 601 1398 719 1463; x_wconf 91' lang='lat' dir='ltr'>celsam</span> <span class='ocrx_word' id='word_1_44' title='bbox 731 1397 874 1463; x_wconf 87' lang='lat' dir='ltr'>funditus</span> <span class='ocrx_word' id='word_1_45' title='bbox 886 1422 993 1463; x_wconf 92' lang='lat' dir='ltr'>arcem</span> 
     </span>
     <span class='ocr_line' id='line_1_9' title="bbox 252 1504 995 1586; baseline 0.003 -18"><span class='ocrx_word' id='word_1_46' title='bbox 252 1505 421 1586; x_wconf 87' lang='lat' dir='ltr'>Eruerent‚</span> <span class='ocrx_word' id='word_1_47' title='bbox 434 1504 528 1569; x_wconf 88' lang='lat' dir='ltr'>simul</span> <span class='ocrx_word' id='word_1_48' title='bbox 540 1521 573 1569; x_wconf 91' lang='lat' dir='ltr'>et</span> <span class='ocrx_word' id='word_1_49' title='bbox 588 1528 686 1570; x_wconf 85' lang='lat' dir='ltr'>caecas</span> <span class='ocrx_word' id='word_1_50' title='bbox 698 1507 730 1569; x_wconf 91' lang='lat' dir='ltr'>in</span> <span class='ocrx_word' id='word_1_51' title='bbox 746 1521 856 1570; x_wconf 89' lang='lat' dir='ltr'>mutua</span> <span class='ocrx_word' id='word_1_52' title='bbox 872 1522 995 1570; x_wconf 82' lang='lat' dir='ltr'><strong>mentes</strong></span> 
     </span>
     <span class='ocr_line' id='line_1_10' title="bbox 252 1611 1092 1703; baseline 0.006 -29"><span class='ocrx_word' id='word_1_53' title='bbox 252 1611 360 1700; x_wconf 76' lang='lat' dir='ltr'>Iurgia</span> <span class='ocrx_word' id='word_1_54' title='bbox 372 1611 587 1698; x_wconf 86' lang='lat' dir='ltr'>conjicerent:</span> <span class='ocrx_word' id='word_1_55' title='bbox 606 1613 750 1703; x_wconf 85' lang='lat' dir='ltr'>Babylon</span> <span class='ocrx_word' id='word_1_56' title='bbox 764 1612 981 1677; x_wconf 87' lang='lat' dir='ltr'>hincnomiue</span> <span class='ocrx_word' id='word_1_57' title='bbox 995 1612 1092 1679; x_wconf 88' lang='lat' dir='ltr'>dicta.</span> 
     </span>
     <span class='ocr_line' id='line_1_11' title="bbox 170 1717 1046 1808; baseline 0.006 -29"><span class='ocrx_word' id='word_1_58' title='bbox 170 1717 227 1782; x_wconf 82' lang='lat'>105</span> <span class='ocrx_word' id='word_1_59' title='bbox 296 1720 341 1781; x_wconf 91' lang='lat' dir='ltr'>Ut</span> <span class='ocrx_word' id='word_1_60' title='bbox 352 1742 428 1782; x_wconf 81' lang='lat' dir='ltr'>vero</span> <span class='ocrx_word' id='word_1_61' title='bbox 442 1718 557 1784; x_wconf 91' lang='lat' dir='ltr'>cecidit</span> <span class='ocrx_word' id='word_1_62' title='bbox 570 1720 678 1800; x_wconf 84' lang='lat' dir='ltr'>turris,</span> <span class='ocrx_word' id='word_1_63' title='bbox 697 1719 884 1808; x_wconf 85' lang='lat' dir='ltr'>variumque</span> <span class='ocrx_word' id='word_1_64' title='bbox 897 1737 1046 1784; x_wconf 87' lang='lat' dir='ltr'>sonantes</span> 
     </span>
     <span class='ocr_line' id='line_1_12' title="bbox 165 1822 1024 1915; baseline 0.001 -25"><span class='ocrx_word' id='word_1_65' title='bbox 165 1859 167 1864; x_wconf 29' lang='lat' dir='ltr'>r</span> <span class='ocrx_word' id='word_1_66' title='bbox 252 1822 407 1913; x_wconf 89' lang='lat' dir='ltr'>Dispersit</span> <span class='ocrx_word' id='word_1_67' title='bbox 422 1824 544 1914; x_wconf 79' lang='lat' dir='ltr'>linguas</span> <span class='ocrx_word' id='word_1_68' title='bbox 556 1826 725 1891; x_wconf 92' lang='lat' dir='ltr'>hominum</span> <span class='ocrx_word' id='word_1_69' title='bbox 741 1826 913 1908; x_wconf 86' lang='lat' dir='ltr'>discordia,</span> <span class='ocrx_word' id='word_1_70' title='bbox 930 1826 1024 1915; x_wconf 90' lang='lat' dir='ltr'>coepit</span> 
     </span>
     <span class='ocr_line' id='line_1_13' title="bbox 252 1931 1008 2023; baseline 0.003 -28"><span class='ocrx_word' id='word_1_71' title='bbox 252 1931 413 2020; x_wconf 86' lang='lat' dir='ltr'>Compleri</span> <span class='ocrx_word' id='word_1_72' title='bbox 427 1932 532 2014; x_wconf 87' lang='lat' dir='ltr'>tellus,</span> <span class='ocrx_word' id='word_1_73' title='bbox 552 1932 739 2023; x_wconf 88' lang='lat' dir='ltr'>diversaque</span> <span class='ocrx_word' id='word_1_74' title='bbox 752 1957 882 2022; x_wconf 81' lang='lat' dir='ltr'>surgere</span> <span class='ocrx_word' id='word_1_75' title='bbox 898 1958 1008 2023; x_wconf 81' lang='lat' dir='ltr'>regna.</span> 
     </span>
     <span class='ocr_line' id='line_1_14' title="bbox 252 2038 1040 2120; baseline 0.004 -18"><span class='ocrx_word' id='word_1_76' title='bbox 252 2039 294 2102; x_wconf 85' lang='lat' dir='ltr'>Et</span> <span class='ocrx_word' id='word_1_77' title='bbox 309 2056 386 2103; x_wconf 93' lang='lat' dir='ltr'>tunc</span> <span class='ocrx_word' id='word_1_78' title='bbox 403 2038 533 2104; x_wconf 85' lang='lat' dir='ltr'>incessit</span> <span class='ocrx_word' id='word_1_79' title='bbox 547 2040 708 2105; x_wconf 89' lang='lat' dir='ltr'>decimum</span> <span class='ocrx_word' id='word_1_80' title='bbox 722 2040 913 2105; x_wconf 85' lang='lat' dir='ltr'>mortalibus</span> <span class='ocrx_word' id='word_1_81' title='bbox 926 2065 1040 2120; x_wconf 81' lang='lat' dir='ltr'>aarum,</span> 
     </span>
     <span class='ocr_line' id='line_1_15' title="bbox 252 2145 926 2237; baseline 0.006 -29"><span class='ocrx_word' id='word_1_82' title='bbox 252 2145 299 2208; x_wconf 85' lang='lat' dir='ltr'>Ex</span> <span class='ocrx_word' id='word_1_83' title='bbox 319 2168 384 2233; x_wconf 94' lang='lat' dir='ltr'>quo</span> <span class='ocrx_word' id='word_1_84' title='bbox 399 2145 516 2210; x_wconf 85' lang='lat' dir='ltr'>diluvio</span> <span class='ocrx_word' id='word_1_85' title='bbox 531 2164 640 2235; x_wconf 80' lang='lat' dir='ltr'>gentes</span> <span class='ocrx_word' id='word_1_86' title='bbox 655 2146 778 2237; x_wconf 90' lang='lat' dir='ltr'>periere</span> <span class='ocrx_word' id='word_1_87' title='bbox 793 2145 926 2235; x_wconf 74' lang='lat' dir='ltr'>priores</span> 
     </span>
     <span class='ocr_line' id='line_1_16' title="bbox 170 2251 1020 2343; baseline 0.007 -31"><span class='ocrx_word' id='word_1_88' title='bbox 170 2272 229 2314; x_wconf 93' lang='grc' dir='ltr'>11ο</span> <span class='ocrx_word' id='word_1_89' title='bbox 252 2252 356 2339; x_wconf 84' lang='lat' dir='ltr'>Atque</span> <span class='ocrx_word' id='word_1_90' title='bbox 368 2251 413 2315; x_wconf 90' lang='lat' dir='ltr'>ibi</span> <span class='ocrx_word' id='word_1_91' title='bbox 425 2252 591 2334; x_wconf 88' lang='lat' dir='ltr'>Saturnus,</span> <span class='ocrx_word' id='word_1_92' title='bbox 607 2251 701 2318; x_wconf 86' lang='lat' dir='ltr'>Titan</span> <span class='ocrx_word' id='word_1_93' title='bbox 711 2251 816 2333; x_wconf 89' lang='lat' dir='ltr'>simul,</span> <span class='ocrx_word' id='word_1_94' title='bbox 828 2255 1020 2343; x_wconf 84' lang='lat' dir='ltr'>Iapetusque</span> 
     </span>
     <span class='ocr_line' id='line_1_17' title="bbox 253 2358 969 2448; baseline 0.007 -30"><span class='ocrx_word' id='word_1_95' title='bbox 253 2358 453 2444; x_wconf 80' lang='lat' dir='ltr'>Regnarunt,</span> <span class='ocrx_word' id='word_1_96' title='bbox 469 2359 545 2423; x_wconf 86' lang='lat' dir='ltr'>caelo</span> <span class='ocrx_word' id='word_1_97' title='bbox 563 2383 644 2448; x_wconf 92' lang='lat' dir='ltr'>quos</span> <span class='ocrx_word' id='word_1_98' title='bbox 658 2376 689 2423; x_wconf 92' lang='lat' dir='ltr'>et</span> <span class='ocrx_word' id='word_1_99' title='bbox 703 2359 830 2422; x_wconf 87' lang='lat' dir='ltr'>Tellure</span> <span class='ocrx_word' id='word_1_100' title='bbox 845 2376 969 2423; x_wconf 89' lang='lat' dir='ltr'>creatos</span> 
     </span>
     <span class='ocr_line' id='line_1_18' title="bbox 254 2460 1016 2555; baseline 0.007 -28"><span class='ocrx_word' id='word_1_101' title='bbox 254 2460 409 2529; x_wconf 81' lang='lat' dir='ltr'>Dixerunt</span> <span class='ocrx_word' id='word_1_102' title='bbox 423 2462 582 2547; x_wconf 84' lang='lat' dir='ltr'>homines,</span> <span class='ocrx_word' id='word_1_103' title='bbox 596 2465 670 2531; x_wconf 89' lang='lat' dir='ltr'>Caeli</span> <span class='ocrx_word' id='word_1_104' title='bbox 685 2468 855 2555; x_wconf 73' lang='lat' dir='ltr'>Terraeque</span> <span class='ocrx_word' id='word_1_105' title='bbox 865 2484 1016 2532; x_wconf 82' lang='lat' dir='ltr'>vocantes</span> 
     </span>
    </p>
   </div>
   <div class='ocr_carea' id='block_1_4' title="bbox 164 2725 1288 3200">
    <p class='ocr_par' dir='ltr' id='par_1_4' title="bbox 164 2725 1288 3200">
     <span class='ocr_line' id='line_1_19' title="bbox 164 2725 1287 2796; baseline 0.004 -20"><span class='ocrx_word' id='word_1_106' title='bbox 164 2725 235 2776; x_wconf 89' lang='lat' dir='ltr'>drino</span> <span class='ocrx_word' id='word_1_107' title='bbox 249 2726 342 2776; x_wconf 90' lang='lat' dir='ltr'>duobus</span> <span class='ocrx_word' id='word_1_108' title='bbox 360 2742 436 2793; x_wconf 84' lang='lat' dir='ltr'>prope</span> <span class='ocrx_word' id='word_1_109' title='bbox 453 2726 547 2776; x_wconf 78' lang='lat' dir='ltr'>saeculis</span> <span class='ocrx_word' id='word_1_110' title='bbox 563 2736 621 2777; x_wconf 84' lang='lat' dir='ltr'>snte</span> <span class='ocrx_word' id='word_1_111' title='bbox 641 2726 773 2787; x_wconf 80' lang='lat' dir='ltr'>Christum,</span> <span class='ocrx_word' id='word_1_112' title='bbox 794 2737 909 2794; x_wconf 72' lang='lat' dir='ltr'>regnante</span> <span class='ocrx_word' id='word_1_113' title='bbox 921 2728 947 2777; x_wconf 94' lang='lat' dir='ltr'>in</span> <span class='ocrx_word' id='word_1_114' title='bbox 968 2728 1071 2796; x_wconf 65' lang='lat' dir='ltr'>AEgypto</span> <span class='ocrx_word' id='word_1_115' title='bbox 1085 2728 1214 2780; x_wconf 77' lang='lat' dir='ltr'>Ptolomreo</span> <span class='ocrx_word' id='word_1_116' title='bbox 1228 2730 1287 2781; x_wconf 88' lang='lat' dir='ltr'>Phi·</span> 
     </span>
     <span class='ocr_line' id='line_1_20' title="bbox 164 2810 1288 2882; baseline 0.006 -23"><span class='ocrx_word' id='word_1_117' title='bbox 164 2811 288 2870; x_wconf 89' lang='lat' dir='ltr'>lometore,</span> <span class='ocrx_word' id='word_1_118' title='bbox 304 2811 377 2876; x_wconf 88' lang='lat' dir='ltr'>paulo</span> <span class='ocrx_word' id='word_1_119' title='bbox 397 2820 451 2876; x_wconf 87' lang='lat' dir='ltr'>post</span> <span class='ocrx_word' id='word_1_120' title='bbox 470 2810 585 2860; x_wconf 73' lang='lat' dir='ltr'>Antiochi</span> <span class='ocrx_word' id='word_1_121' title='bbox 600 2810 734 2878; x_wconf 87' lang='lat' dir='ltr'>Epiphanis</span> <span class='ocrx_word' id='word_1_122' title='bbox 752 2813 930 2879; x_wconf 82' lang='lat' dir='ltr'>expeditionem</span> <span class='ocrx_word' id='word_1_123' title='bbox 945 2813 1120 2882; x_wconf 62' lang='lat' dir='ltr'>AEgyptiacam,</span> <span class='ocrx_word' id='word_1_124' title='bbox 1140 2816 1202 2866; x_wconf 91' lang='lat' dir='ltr'>sicut</span> <span class='ocrx_word' id='word_1_125' title='bbox 1214 2815 1288 2881; x_wconf 71' lang='lat' dir='ltr'>magis</span> 
     </span>
     <span class='ocr_line' id='line_1_21' title="bbox 164 2895 1286 2965; baseline 0.004 -18"><span class='ocrx_word' id='word_1_126' title='bbox 164 2895 270 2947; x_wconf 88' lang='lat' dir='ltr'>elucebit</span> <span class='ocrx_word' id='word_1_127' title='bbox 286 2912 315 2945; x_wconf 81' lang='lat' dir='ltr'>cx</span> <span class='ocrx_word' id='word_1_128' title='bbox 335 2895 388 2961; x_wconf 87' lang='lat' dir='ltr'>ipso</span> <span class='ocrx_word' id='word_1_129' title='bbox 402 2904 470 2946; x_wconf 83' lang='lat' dir='ltr'>textu</span> <span class='ocrx_word' id='word_1_130' title='bbox 490 2896 622 2962; x_wconf 77' lang='lat' dir='ltr'>presertim</span> <span class='ocrx_word' id='word_1_131' title='bbox 636 2906 729 2961; x_wconf 76' lang='lat' dir='ltr'>quarta</span> <span class='ocrx_word' id='word_1_132' title='bbox 744 2899 829 2964; x_wconf 83' lang='lat' dir='ltr'>partis,</span> <span class='ocrx_word' id='word_1_133' title='bbox 845 2901 891 2950; x_wconf 83' lang='lat' dir='ltr'>ott</span> <span class='ocrx_word' id='word_1_134' title='bbox 908 2915 959 2965; x_wconf 85' lang='lat' dir='ltr'>sqq.</span> <span class='ocrx_word' id='word_1_135' title='bbox 978 2898 1068 2949; x_wconf 79' lang='lat' dir='ltr'>Confer</span> <span class='ocrx_word' id='word_1_136' title='bbox 1083 2900 1217 2950; x_wconf 80' lang='lat' dir='ltr'>Excursum</span> <span class='ocrx_word' id='word_1_137' title='bbox 1231 2917 1286 2951; x_wconf 85' lang='lat' dir='ltr'>uos·</span> 
     </span>
     <span class='ocr_line' id='line_1_22' title="bbox 164 2979 1284 3049; baseline 0.005 -20"><span class='ocrx_word' id='word_1_138' title='bbox 164 2989 241 3041; x_wconf 88' lang='lat' dir='ltr'>tmm‚</span> <span class='ocrx_word' id='word_1_139' title='bbox 255 2996 308 3046; x_wconf 84' lang='lat' dir='ltr'>cap.</span> <span class='ocrx_word' id='word_1_140' title='bbox 326 2983 349 3039; x_wconf 92' lang='grc'><strong>1,</strong></span> <span class='ocrx_word' id='word_1_141' title='bbox 361 2989 386 3030; x_wconf 92' lang='lat' dir='ltr'>et</span> <span class='ocrx_word' id='word_1_142' title='bbox 400 2979 470 3032; x_wconf 79' lang='lat' dir='ltr'>Prel.</span> <span class='ocrx_word' id='word_1_143' title='bbox 484 2979 515 3029; x_wconf 84' lang='lat' dir='ltr'>ad</span> <span class='ocrx_word' id='word_1_144' title='bbox 529 2979 577 3030; x_wconf 92' lang='lat' dir='ltr'>hoc</span> <span class='ocrx_word' id='word_1_145' title='bbox 594 2979 672 3046; x_wconf 86' lang='lat' dir='ltr'>ipsum</span> <span class='ocrx_word' id='word_1_146' title='bbox 687 2982 810 3032; x_wconf 82' lang='lat' dir='ltr'>volumen.</span> <span class='ocrx_word' id='word_1_147' title='bbox 825 3011 856 3020; x_wconf 95' lang='lat'><em>-</em></span> <span class='ocrx_word' id='word_1_148' title='bbox 874 2986 916 3043; x_wconf 88' lang='grc'>07,</span> <span class='ocrx_word' id='word_1_149' title='bbox 934 2999 986 3049; x_wconf 85' lang='lat' dir='ltr'>sqq.</span> <span class='ocrx_word' id='word_1_150' title='bbox 1002 2982 1086 3032; x_wconf 84' lang='lat' dir='ltr'>Turris</span> <span class='ocrx_word' id='word_1_151' title='bbox 1099 2983 1174 3035; x_wconf 74' lang='lat' dir='ltr'>babel</span> <span class='ocrx_word' id='word_1_152' title='bbox 1192 2999 1284 3040; x_wconf 80' lang='lat' dir='ltr'>eversa.</span> 
     </span>
     <span class='ocr_line' id='line_1_23' title="bbox 166 3063 1285 3136; baseline 0.004 -21"><span class='ocrx_word' id='word_1_153' title='bbox 166 3093 196 3102; x_wconf 91' lang='lat'>-</span> <span class='ocrx_word' id='word_1_154' title='bbox 214 3067 271 3129; x_wconf 88' lang='lat' dir='ltr'>toa,</span> <span class='ocrx_word' id='word_1_155' title='bbox 286 3080 338 3131; x_wconf 90' lang='lat' dir='ltr'>sqq.</span> <span class='ocrx_word' id='word_1_156' title='bbox 351 3064 449 3114; x_wconf 83' lang='lat' dir='ltr'>Decima</span> <span class='ocrx_word' id='word_1_157' title='bbox 466 3075 521 3131; x_wconf 88' lang='lat' dir='ltr'>post</span> <span class='ocrx_word' id='word_1_158' title='bbox 531 3063 652 3115; x_wconf 82' lang='lat' dir='ltr'>diluvium</span> <span class='ocrx_word' id='word_1_159' title='bbox 668 3066 791 3131; x_wconf 77' lang='lat' dir='ltr'>generatio</span> <span class='ocrx_word' id='word_1_160' title='bbox 805 3065 890 3132; x_wconf 84' lang='lat' dir='ltr'>[aliter</span> <span class='ocrx_word' id='word_1_161' title='bbox 904 3065 978 3132; x_wconf 76' lang='lat' dir='ltr'>igitur</span> <span class='ocrx_word' id='word_1_162' title='bbox 992 3084 1020 3118; x_wconf 85' lang='lat' dir='ltr'>ac</span> <span class='ocrx_word' id='word_1_163' title='bbox 1029 3066 1093 3118; x_wconf 89' lang='lat' dir='ltr'>libro</span> <span class='ocrx_word' id='word_1_164' title='bbox 1107 3068 1117 3118; x_wconf 93' lang='lat'>1</span> <span class='ocrx_word' id='word_1_165' title='bbox 1131 3071 1285 3136; x_wconf 82' lang='lat' dir='ltr'>numerataJ,</span> 
     </span>
     <span class='ocr_line' id='line_1_24' title="bbox 164 3148 520 3200; baseline -0.006 0"><span class='ocrx_word' id='word_1_166' title='bbox 164 3149 261 3200; x_wconf 80' lang='lat' dir='ltr'>Titanes</span> <span class='ocrx_word' id='word_1_167' title='bbox 280 3159 305 3200; x_wconf 91' lang='lat' dir='ltr'>et</span> <span class='ocrx_word' id='word_1_168' title='bbox 326 3148 467 3200; x_wconf 82' lang='lat' dir='ltr'>Saturnidrs.</span> <span class='ocrx_word' id='word_1_169' title='bbox 490 3178 520 3188; x_wconf 94' lang='lat'>—-</span> 
     </span>
    </p>
   </div>
   <div class='ocr_carea' id='block_1_5' title="bbox 130 3374 1363 3827">
    <p class='ocr_par' dir='ltr' id='par_1_5' title="bbox 130 3374 1363 3827">
     <span class='ocr_line' id='line_1_25' title="bbox 199 3374 1286 3443; baseline 0.005 -17"><span class='ocrx_word' id='word_1_170' title='bbox 199 3378 239 3426; x_wconf 85' lang='grc'>90.</span> <span class='ocrx_word' id='word_1_171' title='bbox 259 3374 397 3442; x_wconf 45' lang='lat' dir='ltr'>Sub-finon</span> <span class='ocrx_word' id='word_1_172' title='bbox 411 3391 456 3442; x_wconf 92' lang='lat' dir='ltr'>pro</span> <span class='ocrx_word' id='word_1_173' title='bbox 469 3379 493 3427; x_wconf 80' lang='grc' dir='ltr'>οἵ</span> <span class='ocrx_word' id='word_1_174' title='bbox 505 3376 579 3427; x_wconf 85' lang='lat' dir='ltr'>habet</span> <span class='ocrx_word' id='word_1_175' title='bbox 595 3375 705 3443; x_wconf 89' lang='lat' dir='ltr'>Theoph.</span> <span class='ocrx_word' id='word_1_176' title='bbox 740 3389 811 3425; x_wconf 78' lang='lat' dir='ltr'>versu</span> <span class='ocrx_word' id='word_1_177' title='bbox 824 3375 887 3425; x_wconf 86' lang='lat' dir='ltr'>alter</span> <span class='ocrx_word' id='word_1_178' title='bbox 896 3375 971 3441; x_wconf 87' lang='lat' dir='ltr'>paulo</span> <span class='ocrx_word' id='word_1_179' title='bbox 985 3375 1094 3427; x_wconf 77' lang='lat' dir='ltr'>disemus</span> <span class='ocrx_word' id='word_1_180' title='bbox 1111 3395 1117 3427; x_wconf 75' lang='grc' dir='ltr'>ε</span> <span class='ocrx_word' id='word_1_181' title='bbox 1137 3381 1179 3437; x_wconf 74' lang='grc' dir='ltr'>Εἰς</span> <span class='ocrx_word' id='word_1_182' title='bbox 1195 3383 1286 3443; x_wconf 76' lang='grc' dir='ltr'>πολλὰς</span> 
     </span>
     <span class='ocr_line' id='line_1_26' title="bbox 166 3451 1286 3519; baseline 0.005 -17"><span class='ocrx_word' id='word_1_183' title='bbox 166 3453 217 3502; x_wconf 78' lang='grc' dir='ltr'>ὅτι.</span> <span class='ocrx_word' id='word_1_184' title='bbox 741 3451 835 3511; x_wconf 83' lang='grc' dir='ltr'>θνητῶν</span> <span class='ocrx_word' id='word_1_185' title='bbox 851 3451 1014 3519; x_wconf 69' lang='grc' dir='ltr'><strong>ἐμερίσθησαν</strong></span> <span class='ocrx_word' id='word_1_186' title='bbox 1027 3453 1182 3514; x_wconf 75' lang='grc' dir='ltr'>διαλέκτους,</span> <span class='ocrx_word' id='word_1_187' title='bbox 1205 3466 1286 3508; x_wconf 83' lang='lat' dir='ltr'>traus-</span> 
     </span>
     <span class='ocr_line' id='line_1_27' title="bbox 200 3525 1363 3597; baseline 0.007 -20"><span class='ocrx_word' id='word_1_188' title='bbox 200 3530 256 3579; x_wconf 82' lang='lat'><strong>102.</strong></span> <span class='ocrx_word' id='word_1_189' title='bbox 276 3526 409 3578; x_wconf 85' lang='lat' dir='ltr'>Ventorum</span> <span class='ocrx_word' id='word_1_190' title='bbox 432 3527 521 3577; x_wconf 89' lang='lat' dir='ltr'>turrim</span> <span class='ocrx_word' id='word_1_191' title='bbox 549 3525 710 3576; x_wconf 82' lang='lat' dir='ltr'>evertentium</span> <span class='ocrx_word' id='word_1_192' title='bbox 742 3527 804 3576; x_wconf 90' lang='lat' dir='ltr'>latus</span> <span class='ocrx_word' id='word_1_193' title='bbox 816 3525 875 3586; x_wconf 88' lang='lat' dir='ltr'>huc,</span> <span class='ocrx_word' id='word_1_194' title='bbox 893 3542 926 3576; x_wconf 82' lang='lat' dir='ltr'>aa</span> <span class='ocrx_word' id='word_1_195' title='bbox 938 3526 1060 3577; x_wconf 75' lang='lat' dir='ltr'>memoriae</span> <span class='ocrx_word' id='word_1_196' title='bbox 1074 3529 1160 3597; x_wconf 80' lang='lat' dir='ltr'>lspsu?</span> <span class='ocrx_word' id='word_1_197' title='bbox 1178 3547 1208 3582; x_wconf 81' lang='lat' dir='ltr'>er</span> <span class='ocrx_word' id='word_1_198' title='bbox 1221 3531 1285 3585; x_wconf 86' lang='lat' dir='ltr'>libro</span> <span class='ocrx_word' id='word_1_199' title='bbox 1361 3584 1363 3591; x_wconf 74' lang='grc'>,</span> 
     </span>
     <span class='ocr_line' id='line_1_28' title="bbox 164 3600 939 3666; baseline 0.003 -13"><span class='ocrx_word' id='word_1_200' title='bbox 164 3603 232 3654; x_wconf 85' lang='lat' dir='ltr'>nulla</span> <span class='ocrx_word' id='word_1_201' title='bbox 246 3601 311 3653; x_wconf 90' lang='lat' dir='ltr'>fitin</span> <span class='ocrx_word' id='word_1_202' title='bbox 325 3602 412 3653; x_wconf 87' lang='lat' dir='ltr'>Genesi</span> <span class='ocrx_word' id='word_1_203' title='bbox 420 3601 520 3653; x_wconf 67' lang='lat' dir='ltr'>mentio,</span> <span class='ocrx_word' id='word_1_204' title='bbox 532 3601 617 3652; x_wconf 83' lang='lat' dir='ltr'>Fichat</span> <span class='ocrx_word' id='word_1_205' title='bbox 630 3611 711 3652; x_wconf 89' lang='lat' dir='ltr'>tamen</span> <span class='ocrx_word' id='word_1_206' title='bbox 741 3600 809 3666; x_wconf 85' lang='lat' dir='ltr'>Vlll,</span> <span class='ocrx_word' id='word_1_207' title='bbox 824 3606 848 3655; x_wconf 78' lang='lat'>5.</span> <span class='ocrx_word' id='word_1_208' title='bbox 934 3631 939 3638; x_wconf 72' lang='lat'>=</span> 
     </span>
     <span class='ocr_line' id='line_1_29' title="bbox 130 3679 1197 3746; baseline 0.005 -17"><span class='ocrx_word' id='word_1_209' title='bbox 130 3700 133 3709; x_wconf 95' lang='lat'>·</span> <span class='ocrx_word' id='word_1_210' title='bbox 163 3679 229 3745; x_wconf 84' lang='lat' dir='ltr'>apud</span> <span class='ocrx_word' id='word_1_211' title='bbox 241 3679 384 3746; x_wconf 78' lang='lat' dir='ltr'>abydenum</span> <span class='ocrx_word' id='word_1_212' title='bbox 396 3689 420 3729; x_wconf 91' lang='lat' dir='ltr'>et</span> <span class='ocrx_word' id='word_1_213' title='bbox 428 3679 588 3745; x_wconf 80' lang='lat' dir='ltr'>Eupolemum</span> <span class='ocrx_word' id='word_1_214' title='bbox 600 3694 674 3744; x_wconf 84' lang='lat' dir='ltr'>supra</span> <span class='ocrx_word' id='word_1_215' title='bbox 682 3693 712 3727; x_wconf 84' lang='lat' dir='ltr'>cx</span> <span class='ocrx_word' id='word_1_216' title='bbox 778 3681 834 3729; x_wconf 85' lang='grc'><strong>107.</strong></span> <span class='ocrx_word' id='word_1_217' title='bbox 852 3679 891 3729; x_wconf 81' lang='lat' dir='ltr'>An</span> <span class='ocrx_word' id='word_1_218' title='bbox 905 3681 1043 3745; x_wconf 75' lang='grc' dir='ltr'>βασιλειῶν,</span> <span class='ocrx_word' id='word_1_219' title='bbox 1055 3690 1083 3730; x_wconf 94' lang='lat' dir='ltr'>ut</span> <span class='ocrx_word' id='word_1_220' title='bbox 1093 3681 1114 3741; x_wconf 89' lang='lat' dir='ltr'>l,</span> <span class='ocrx_word' id='word_1_221' title='bbox 1131 3685 1197 3734; x_wconf 77' lang='lat'>390?</span> 
     </span>
     <span class='ocr_line' id='line_1_30' title="bbox 164 3753 1284 3827; baseline 0.005 -22"><span class='ocrx_word' id='word_1_222' title='bbox 164 3754 270 3805; x_wconf 82' lang='lat' dir='ltr'>Eusebio</span> <span class='ocrx_word' id='word_1_223' title='bbox 287 3766 312 3805; x_wconf 90' lang='lat' dir='ltr'>et</span> <span class='ocrx_word' id='word_1_224' title='bbox 338 3755 429 3822; x_wconf 87' lang='lat' dir='ltr'>Cyrillo</span> <span class='ocrx_word' id='word_1_225' title='bbox 455 3754 550 3806; x_wconf 87' lang='lat' dir='ltr'>citatos.</span> <span class='ocrx_word' id='word_1_226' title='bbox 570 3753 712 3804; x_wconf 70' lang='lat' dir='ltr'>Meminerat</span> <span class='ocrx_word' id='word_1_227' title='bbox 779 3758 836 3814; x_wconf 85' lang='grc'><strong>100,</strong></span> <span class='ocrx_word' id='word_1_228' title='bbox 851 3772 905 3821; x_wconf 89' lang='lat' dir='ltr'>sqq.</span> <span class='ocrx_word' id='word_1_229' title='bbox 921 3754 986 3806; x_wconf 87' lang='lat' dir='ltr'>Citat</span> <span class='ocrx_word' id='word_1_230' title='bbox 995 3755 1063 3806; x_wconf 89' lang='lat' dir='ltr'>hunc</span> <span class='ocrx_word' id='word_1_231' title='bbox 1075 3766 1099 3806; x_wconf 90' lang='lat' dir='ltr'>et</span> <span class='ocrx_word' id='word_1_232' title='bbox 1111 3757 1220 3824; x_wconf 89' lang='lat' dir='ltr'>quinque</span> <span class='ocrx_word' id='word_1_233' title='bbox 1232 3776 1284 3827; x_wconf 90' lang='lat' dir='ltr'>sqq.</span> 
     </span>
    </p>
   </div>
   <div class='ocr_carea' id='block_1_6' title="bbox 165 3822 1373 3897">
    <p class='ocr_par' dir='ltr' id='par_1_6' title="bbox 165 3822 1373 3897">
     <span class='ocr_line' id='line_1_31' title="bbox 165 3822 1373 3897; baseline 0.004 -16"><span class='ocrx_word' id='word_1_234' title='bbox 165 3830 553 3891; x_wconf 81' lang='lat' dir='ltr'>etismCelsus‚testeadversario</span> <span class='ocrx_word' id='word_1_235' title='bbox 566 3831 617 3896; x_wconf 86' lang='lat' dir='ltr'>ejus</span> <span class='ocrx_word' id='word_1_236' title='bbox 627 3828 710 3894; x_wconf 76' lang='lat' dir='ltr'>orige-</span> <span class='ocrx_word' id='word_1_237' title='bbox 742 3830 915 3896; x_wconf 75' lang='lat' dir='ltr'>Athenagoras,</span> <span class='ocrx_word' id='word_1_238' title='bbox 931 3822 1066 3897; x_wconf 62' lang='lat' dir='ltr'>hpblss&#39;pag.</span> <span class='ocrx_word' id='word_1_239' title='bbox 1079 3835 1137 3892; x_wconf 83' lang='grc'>008,</span> <span class='ocrx_word' id='word_1_240' title='bbox 1154 3835 1193 3883; x_wconf 93' lang='lat' dir='ltr'>ed.</span> <span class='ocrx_word' id='word_1_241' title='bbox 1209 3833 1285 3886; x_wconf 81' lang='lat' dir='ltr'>Paris.</span> <span class='ocrx_word' id='word_1_242' title='bbox 1332 3864 1335 3871; x_wconf 95' lang='lat'><em>·</em></span> <span class='ocrx_word' id='word_1_243' title='bbox 1364 3825 1373 3872; x_wconf 67' lang='grc' dir='ltr'><em>ἶ</em></span> 
     </span>
    </p>
   </div>
   <div class='ocr_carea' id='block_1_7' title="bbox 165 3904 1297 4580">
    <p class='ocr_par' dir='ltr' id='par_1_7' title="bbox 167 3904 1286 3976">
     <span class='ocr_line' id='line_1_32' title="bbox 167 3904 1286 3976; baseline 0.004 -20"><span class='ocrx_word' id='word_1_244' title='bbox 167 3922 207 3966; x_wconf 88' lang='lat' dir='ltr'>ne,</span> <span class='ocrx_word' id='word_1_245' title='bbox 220 3907 261 3966; x_wconf 87' lang='lat' dir='ltr'>lv,</span> <span class='ocrx_word' id='word_1_246' title='bbox 274 3924 327 3974; x_wconf 87' lang='lat' dir='ltr'>cap.</span> <span class='ocrx_word' id='word_1_247' title='bbox 335 3909 377 3965; x_wconf 82' lang='lat'>21,</span> <span class='ocrx_word' id='word_1_248' title='bbox 393 3905 522 3971; x_wconf 79' lang='lat' dir='ltr'>Sibyllistis</span> <span class='ocrx_word' id='word_1_249' title='bbox 529 3904 620 3972; x_wconf 85' lang='lat' dir='ltr'>quippe</span> <span class='ocrx_word' id='word_1_250' title='bbox 628 3904 711 3955; x_wconf 88' lang='lat' dir='ltr'>Chris·</span> <span class='ocrx_word' id='word_1_251' title='bbox 742 3905 908 3956; x_wconf 82' lang='lat' dir='ltr'>Tertullianus</span> <span class='ocrx_word' id='word_1_252' title='bbox 917 3921 1016 3972; x_wconf 88' lang='lat' dir='ltr'>quoque</span> <span class='ocrx_word' id='word_1_253' title='bbox 1026 3907 1074 3957; x_wconf 90' lang='lat' dir='ltr'>huc</span> <span class='ocrx_word' id='word_1_254' title='bbox 1085 3908 1184 3976; x_wconf 82' lang='lat' dir='ltr'>respicit</span> <span class='ocrx_word' id='word_1_255' title='bbox 1198 3912 1229 3960; x_wconf 87' lang='lat' dir='ltr'>ad</span> <span class='ocrx_word' id='word_1_256' title='bbox 1238 3910 1286 3961; x_wconf 77' lang='lat' dir='ltr'>lta-</span> 
     </span>
    </p>

    <p class='ocr_par' dir='ltr' id='par_1_8' title="bbox 166 3980 1287 4051">
     <span class='ocr_line' id='line_1_33' title="bbox 166 3980 1287 4051; baseline 0.004 -19"><span class='ocrx_word' id='word_1_257' title='bbox 166 3981 239 4032; x_wconf 85' lang='lat' dir='ltr'>tiauis</span> <span class='ocrx_word' id='word_1_258' title='bbox 257 3982 360 4049; x_wconf 80' lang='lat' dir='ltr'>(ludaeis</span> <span class='ocrx_word' id='word_1_259' title='bbox 369 3982 449 4031; x_wconf 86' lang='lat' dir='ltr'>dicere</span> <span class='ocrx_word' id='word_1_260' title='bbox 468 3980 600 4044; x_wconf 87' lang='lat' dir='ltr'>debuerat)</span> <span class='ocrx_word' id='word_1_261' title='bbox 622 3997 710 4049; x_wconf 77' lang='lat' dir='ltr'>capro·</span> <span class='ocrx_word' id='word_1_262' title='bbox 742 3981 803 4031; x_wconf 90' lang='lat' dir='ltr'>tion.</span> <span class='ocrx_word' id='word_1_263' title='bbox 819 3980 852 4040; x_wconf 82' lang='lat' dir='ltr'>ll,</span> <span class='ocrx_word' id='word_1_264' title='bbox 865 3983 895 4031; x_wconf 77' lang='lat'>12</span> <span class='ocrx_word' id='word_1_265' title='bbox 911 3997 942 4030; x_wconf 74' lang='lat' dir='ltr'>:c</span> <span class='ocrx_word' id='word_1_266' title='bbox 954 3981 1067 4039; x_wconf 72' lang='lat' dir='ltr'>Decima,</span> <span class='ocrx_word' id='word_1_267' title='bbox 1083 3983 1172 4048; x_wconf 86' lang='lat' dir='ltr'>inquit,</span> <span class='ocrx_word' id='word_1_268' title='bbox 1185 4001 1287 4051; x_wconf 66' lang='lat' dir='ltr'>gonew</span> 
     </span>
    </p>

    <p class='ocr_par' dir='ltr' id='par_1_9' title="bbox 165 4057 1297 4198">
     <span class='ocr_line' id='line_1_34' title="bbox 165 4057 1260 4124; baseline 0 -17"><span class='ocrx_word' id='word_1_269' title='bbox 165 4057 240 4108; x_wconf 89' lang='lat' dir='ltr'>brans</span> <span class='ocrx_word' id='word_1_270' title='bbox 254 4058 324 4109; x_wconf 88' lang='lat' dir='ltr'>istam</span> <span class='ocrx_word' id='word_1_271' title='bbox 338 4057 383 4108; x_wconf 81' lang='grc' dir='ltr'>τοῦ</span> <span class='ocrx_word' id='word_1_272' title='bbox 394 4058 490 4124; x_wconf 80' lang='grc' dir='ltr'>πύργου</span> <span class='ocrx_word' id='word_1_273' title='bbox 502 4057 658 4122; x_wconf 77' lang='grc' dir='ltr'>κατάῤῥιψιν.</span> <span class='ocrx_word' id='word_1_274' title='bbox 744 4079 757 4103; x_wconf 74' lang='grc' dir='ltr'>ι</span> <span class='ocrx_word' id='word_1_275' title='bbox 766 4057 833 4107; x_wconf 89' lang='lat' dir='ltr'>ticue</span> <span class='ocrx_word' id='word_1_276' title='bbox 847 4066 976 4122; x_wconf 81' lang='lat' dir='ltr'>postquam</span> <span class='ocrx_word' id='word_1_277' title='bbox 988 4059 1174 4124; x_wconf 83' lang='lat' dir='ltr'>cataclysmum,</span> <span class='ocrx_word' id='word_1_278' title='bbox 1188 4070 1235 4111; x_wconf 88' lang='lat' dir='ltr'>etc.</span> <span class='ocrx_word' id='word_1_279' title='bbox 1247 4083 1260 4107; x_wconf 72' lang='grc'><strong>1</strong></span> 
     </span>
     <span class='ocr_line' id='line_1_35' title="bbox 202 4125 1297 4198; baseline 0 -14"><span class='ocrx_word' id='word_1_280' title='bbox 202 4139 258 4186; x_wconf 78' lang='lat' dir='ltr'>tut.</span> <span class='ocrx_word' id='word_1_281' title='bbox 277 4134 396 4186; x_wconf 82' lang='lat' dir='ltr'>Recurret</span> <span class='ocrx_word' id='word_1_282' title='bbox 410 4132 451 4183; x_wconf 91' lang='lat' dir='ltr'>hic</span> <span class='ocrx_word' id='word_1_283' title='bbox 465 4148 548 4181; x_wconf 78' lang='lat' dir='ltr'>versus</span> <span class='ocrx_word' id='word_1_284' title='bbox 562 4130 635 4190; x_wconf 85' lang='lat' dir='ltr'>inlra,</span> <span class='ocrx_word' id='word_1_285' title='bbox 654 4135 709 4192; x_wconf 92' lang='grc'><strong>110,</strong></span> <span class='ocrx_word' id='word_1_286' title='bbox 779 4137 834 4184; x_wconf 85' lang='grc'><strong>100.</strong></span> <span class='ocrx_word' id='word_1_287' title='bbox 854 4131 973 4197; x_wconf 76' lang='lat' dir='ltr'>Athenag.</span> <span class='ocrx_word' id='word_1_288' title='bbox 987 4134 1011 4188; x_wconf 80' lang='grc' dir='ltr'>ἐξ</span> <span class='ocrx_word' id='word_1_289' title='bbox 1024 4125 1053 4184; x_wconf 83' lang='grc' dir='ltr'>οὗ</span> <span class='ocrx_word' id='word_1_290' title='bbox 1063 4136 1102 4194; x_wconf 83' lang='grc' dir='ltr'>δή</span> <span class='ocrx_word' id='word_1_291' title='bbox 1291 4185 1297 4198; x_wconf 60' lang='grc'>,</span> 
     </span>
    </p>

    <p class='ocr_par' dir='ltr' id='par_1_10' title="bbox 167 4208 1289 4352">
     <span class='ocr_line' id='line_1_36' title="bbox 167 4208 1289 4277; baseline 0.004 -17"><span class='ocrx_word' id='word_1_292' title='bbox 167 4209 210 4260; x_wconf 86' lang='lat' dir='ltr'>uhi</span> <span class='ocrx_word' id='word_1_293' title='bbox 220 4210 256 4260; x_wconf 78' lang='grc' dir='ltr'>ἐπ’</span> <span class='ocrx_word' id='word_1_294' title='bbox 266 4211 384 4269; x_wconf 79' lang='grc' dir='ltr'><strong>ἀλλήλους</strong></span> <span class='ocrx_word' id='word_1_295' title='bbox 393 4211 492 4275; x_wconf 78' lang='lat' dir='ltr'>legetur.</span> <span class='ocrx_word' id='word_1_296' title='bbox 779 4208 909 4259; x_wconf 70' lang='grc'><strong>11011111</strong></span> <span class='ocrx_word' id='word_1_297' title='bbox 933 4215 958 4256; x_wconf 85' lang='lat' dir='ltr'>et</span> <span class='ocrx_word' id='word_1_298' title='bbox 985 4209 1061 4259; x_wconf 83' lang='lat' dir='ltr'>multa</span> <span class='ocrx_word' id='word_1_299' title='bbox 1084 4212 1238 4277; x_wconf 85' lang='lat' dir='ltr'>sequentium</span> <span class='ocrx_word' id='word_1_300' title='bbox 1258 4230 1289 4265; x_wconf 80' lang='lat' dir='ltr'>ex</span> 
     </span>
     <span class='ocr_line' id='line_1_37' title="bbox 203 4281 1196 4352; baseline 0.001 -16"><span class='ocrx_word' id='word_1_301' title='bbox 203 4289 258 4338; x_wconf 85' lang='lat' dir='ltr'>rot.</span> <span class='ocrx_word' id='word_1_302' title='bbox 278 4286 348 4336; x_wconf 82' lang='lat' dir='ltr'>Deest</span> <span class='ocrx_word' id='word_1_303' title='bbox 355 4284 396 4336; x_wconf 90' lang='lat' dir='ltr'>hic</span> <span class='ocrx_word' id='word_1_304' title='bbox 404 4286 469 4351; x_wconf 91' lang='lat' dir='ltr'>apud</span> <span class='ocrx_word' id='word_1_305' title='bbox 480 4282 656 4349; x_wconf 72' lang='lat' dir='ltr'>Theophilum</span> <span class='ocrx_word' id='word_1_306' title='bbox 670 4285 712 4334; x_wconf 82' lang='lat' dir='ltr'>scd</span> <span class='ocrx_word' id='word_1_307' title='bbox 743 4282 855 4334; x_wconf 83' lang='lat' dir='ltr'>Hesiodo.</span> <span class='ocrx_word' id='word_1_308' title='bbox 872 4281 923 4332; x_wconf 67' lang='grc'><strong>(111.</strong></span> <span class='ocrx_word' id='word_1_309' title='bbox 937 4291 961 4332; x_wconf 90' lang='lat' dir='ltr'>et</span> <span class='ocrx_word' id='word_1_310' title='bbox 972 4281 1039 4333; x_wconf 88' lang='lat' dir='ltr'>Lact.</span> <span class='ocrx_word' id='word_1_311' title='bbox 1053 4285 1074 4344; x_wconf 84' lang='lat'>1,</span> <span class='ocrx_word' id='word_1_312' title='bbox 1087 4303 1140 4352; x_wconf 85' lang='lat' dir='ltr'>cap.</span> <span class='ocrx_word' id='word_1_313' title='bbox 1158 4290 1196 4336; x_wconf 81' lang='lat' dir='ltr'>ll.</span> 
     </span>
    </p>

    <p class='ocr_par' dir='ltr' id='par_1_11' title="bbox 168 4357 1289 4428">
     <span class='ocr_line' id='line_1_38' title="bbox 168 4357 1289 4428; baseline 0.002 -16"><span class='ocrx_word' id='word_1_314' title='bbox 168 4362 295 4412; x_wconf 81' lang='lat' dir='ltr'>manifesto</span> <span class='ocrx_word' id='word_1_315' title='bbox 312 4361 389 4411; x_wconf 85' lang='lat' dir='ltr'>lectus</span> <span class='ocrx_word' id='word_1_316' title='bbox 403 4361 482 4410; x_wconf 83' lang='lat' dir='ltr'>luerat</span> <span class='ocrx_word' id='word_1_317' title='bbox 503 4357 661 4425; x_wconf 87' lang='lat' dir='ltr'>scriptoribus</span> <span class='ocrx_word' id='word_1_318' title='bbox 679 4359 711 4410; x_wconf 90' lang='lat' dir='ltr'>ab</span> <span class='ocrx_word' id='word_1_319' title='bbox 778 4363 833 4409; x_wconf 90' lang='grc'><strong>111.</strong></span> <span class='ocrx_word' id='word_1_320' title='bbox 852 4360 934 4408; x_wconf 78' lang='grc' dir='ltr'><strong>Τέκνα</strong></span> <span class='ocrx_word' id='word_1_321' title='bbox 956 4359 1058 4424; x_wconf 82' lang='grc' dir='ltr'>φέριστα</span> <span class='ocrx_word' id='word_1_322' title='bbox 1080 4361 1113 4410; x_wconf 85' lang='lat' dir='ltr'>sic</span> <span class='ocrx_word' id='word_1_323' title='bbox 1134 4361 1289 4428; x_wconf 76' lang='lat' dir='ltr'>intelligendu</span> 
     </span>
    </p>

    <p class='ocr_par' dir='ltr' id='par_1_12' title="bbox 168 4433 1292 4580">
     <span class='ocr_line' id='line_1_39' title="bbox 168 4433 1292 4503; baseline 0.003 -16"><span class='ocrx_word' id='word_1_324' title='bbox 168 4437 272 4488; x_wconf 81' lang='lat' dir='ltr'>Eusebio</span> <span class='ocrx_word' id='word_1_325' title='bbox 285 4453 357 4503; x_wconf 88' lang='lat' dir='ltr'>supra</span> <span class='ocrx_word' id='word_1_326' title='bbox 372 4435 460 4487; x_wconf 83' lang='lat' dir='ltr'>citatis.</span> <span class='ocrx_word' id='word_1_327' title='bbox 743 4435 841 4501; x_wconf 89' lang='lat' dir='ltr'>utapud</span> <span class='ocrx_word' id='word_1_328' title='bbox 851 4433 952 4483; x_wconf 88' lang='lat' dir='ltr'>Tertull.</span> <span class='ocrx_word' id='word_1_329' title='bbox 967 4435 1013 4486; x_wconf 91' lang='lat' dir='ltr'>loc.</span> <span class='ocrx_word' id='word_1_330' title='bbox 1028 4435 1069 4486; x_wconf 85' lang='lat' dir='ltr'>cit.</span> <span class='ocrx_word' id='word_1_331' title='bbox 1096 4460 1109 4482; x_wconf 71' lang='lat' dir='ltr'>a</span> <span class='ocrx_word' id='word_1_332' title='bbox 1118 4437 1198 4487; x_wconf 76' lang='lat' dir='ltr'>Terra</span> <span class='ocrx_word' id='word_1_333' title='bbox 1211 4438 1292 4490; x_wconf 79' lang='lat' dir='ltr'>fortis·</span> 
     </span>
     <span class='ocr_line' id='line_1_40' title="bbox 205 4508 919 4580; baseline -0.006 -16"><span class='ocrx_word' id='word_1_334' title='bbox 205 4517 260 4565; x_wconf 87' lang='grc'><strong>100.</strong></span> <span class='ocrx_word' id='word_1_335' title='bbox 271 4511 510 4580; x_wconf 77' lang='lat' dir='ltr'>hpudTheophilum</span> <span class='ocrx_word' id='word_1_336' title='bbox 520 4510 607 4577; x_wconf 80' lang='lat' dir='ltr'>legitur</span> <span class='ocrx_word' id='word_1_337' title='bbox 613 4511 712 4579; x_wconf 87' lang='lat' dir='ltr'>prohoc</span> <span class='ocrx_word' id='word_1_338' title='bbox 744 4531 758 4558; x_wconf 77' lang='grc' dir='ltr'>ι</span> <span class='ocrx_word' id='word_1_339' title='bbox 772 4509 827 4560; x_wconf 87' lang='lat' dir='ltr'>simi</span> <span class='ocrx_word' id='word_1_340' title='bbox 839 4508 893 4560; x_wconf 87' lang='lat' dir='ltr'>lilii.</span> <span class='ocrx_word' id='word_1_341' title='bbox 907 4528 919 4552; x_wconf 76' lang='grc'>1</span> 
     </span>
    </p>
   </div>
   <div class='ocr_carea' id='block_1_8' title="bbox 0 0 1608 5310">
    <p class='ocr_par' dir='ltr' id='par_1_13' title="bbox 0 0 1608 5310">
     <span class='ocr_line' id='line_1_41' title="bbox 0 0 1608 5310; baseline 0 0"><span class='ocrx_word' id='word_1_342' title='bbox 0 0 1608 5310; x_wconf 95' lang='lat' dir='ltr'> </span> 
     </span>
    </p>
   </div>
  </div>
 </body>
</html>
