3186 5310
240 414 333 477 xnm
370 437 371 440 κ
654 388 913 477 ruraonucuo

234 549 395 641 persequi,
419 549 453 614 in
477 551 566 635 cujus
591 571 736 637 regnum,
757 547 845 638 quasi
869 542 1061 638 prosperum
1077 545 1132 613 diu
1152 569 1353 627 mansurum,

233 656 413 723 adulatoria
434 654 642 745 praedictione
662 654 778 721 desinit
796 679 870 721 cum
899 653 984 720 libro
1007 654 1096 720 XIII.
1121 654 1191 721 Nec
1215 654 1354 720 dubium

233 763 380 855 primitus
406 763 492 828 hunc
526 761 572 827 illi
597 778 752 827 statutum
776 761 871 828 finisse
896 760 1058 828 scribendi
1082 760 1192 826 finem.
1216 760 1358 829 Delusus

233 893 312 936 vero
326 893 527 960 praepropera
547 868 688 934 Odenati
703 885 805 934 morte
820 869 977 934 calamum
992 866 1170 958 depositum
1183 866 1360 957 resumpsit

232 976 318 1042 libro
332 977 408 1041 XIV
412 1003 420 1054 ;
439 991 534 1066 atque
548 975 596 1040 ibi
611 975 833 1042 deficientibus
846 975 988 1042 historiis
1003 974 1038 1040 in
1064 974 1207 1041 futurum
1230 999 1264 1041 se
1278 998 1360 1041 con-

230 1083 324 1173 jecit,
350 1083 448 1172 vanis
463 1084 630 1149 literarum
653 1084 795 1149 numeris
818 1107 897 1148 vana
924 1082 1093 1173 designans
1115 1083 1246 1147 nomina
1269 1083 1357 1171 prin-

233 1189 341 1280 cipum
355 1189 410 1280 qui
423 1214 591 1280 nunquam
608 1191 769 1285 regnaturi
784 1201 894 1256 erant:
910 1188 1063 1255 ridendus
1081 1189 1144 1254 hoc
1162 1188 1232 1279 ipso
1252 1206 1354 1269 vates,

233 1299 335 1388 magis
363 1315 470 1365 autem
497 1299 770 1378 contemnendus,
800 1299 847 1382 si,
874 1299 961 1390 quod
982 1322 1041 1389 ego
1067 1321 1158 1380 reor,
1182 1298 1252 1363 solo
1275 1297 1357 1364 lucri

232 1405 337 1472 studio
360 1422 484 1472 tantum
501 1422 632 1495 tamque
650 1428 767 1471 vanum
783 1430 864 1497 opus
887 1428 1053 1496 aggressus
1080 1422 1139 1472 est.
1157 1405 1285 1470 Iudaeus
1304 1402 1356 1484 vcl

232 1511 307 1579 hinc
327 1531 435 1603 posset
447 1512 596 1602 intelligi,
612 1511 815 1579 etiamsinon
833 1512 992 1601 originem
1005 1535 1096 1586 suam
1111 1527 1159 1577 tot
1180 1511 1259 1577 locis
1278 1535 1358 1601 pro·

233 1617 336 1698 deret,
359 1619 584 1706 acpraesertim
605 1619 678 1684 libri
696 1621 772 1702 xtv
794 1621 944 1685 extremis
970 1643 1008 1683 nx
1032 1618 1188 1684 versibus.
1216 1619 1357 1683 Alexan-

233 1723 344 1791 drinus
374 1724 450 1791 inde
478 1725 575 1792 etiam
598 1725 824 1816 cognoscitur,
849 1726 936 1816 quod
969 1726 1080 1791 turbas
1106 1708 1254 1790 cruentas
1280 1743 1356 1815 post

235 1830 374 1898 Odenati
402 1849 539 1899 mortem
570 1833 768 1898 Alexandriae
797 1849 900 1898 motas
931 1833 974 1898 ita
1007 1851 1116 1897 narrat
1133 1849 1169 1897 ut
1199 1831 1290 1899 testis
1322 1850 1356 1898 et

235 1938 394 2029 particeps
406 1939 588 2006 interfuisse
605 1939 762 2006 videatur.
788 1941 856 2005 Nec
879 1939 1000 2029 origine
1023 1955 1161 2022 mutum,
1179 1939 1237 2005 sed
1260 1938 1357 2004 etiam

233 2045 433 2137 professione
445 2047 573 2113 Iudaeus
590 2047 661 2112 fuit.
679 2049 874 2137 Quanquam
891 2046 925 2113 id
938 2071 1096 2137 nusquam
1120 2064 1229 2138 aperte
1248 2046 1359 2113 decla-

234 2169 296 2236 rat,
309 2144 424 2235 bomo,
436 2156 472 2220 nt
485 2153 612 2244 opinor,
621 2153 825 2220 terrestribus
839 2153 939 2242 magis
948 2178 1044 2242 quam
1052 2153 1359 2244 religiosisiutentus

234 2260 382 2350 negotiis.
400 2264 518 2341 Immo,
538 2262 624 2351 quod
640 2261 755 2352 aliquis
778 2262 923 2349 miretur,
949 2263 998 2327 bis
1020 2262 1061 2327 ad
1078 2262 1196 2328 Christi
1220 2261 1355 2343 natales,

234 2358 368 2456 Augusti
382 2384 508 2458 tempus
525 2367 707 2456 designans,
728 2367 853 2451 alludit,
868 2369 944 2451 XII,
963 2369 1019 2451 30,
1035 2392 1105 2459 sqq.
1130 2386 1161 2436 et
1186 2369 1261 2448 232,
1281 2393 1353 2460 sqq.

235 2464 534 2564 iditumginqua'm,
563 2474 623 2540 nisi
646 2477 715 2562 jam
736 2475 839 2540 simile
859 2475 1010 2564 quiddam
1035 2476 1068 2541 in
1091 2493 1222 2542 anctore
1245 2476 1357 2545 Judaeo

209 2626 213 2633 ·
234 2573 312 2645 llbri-
324 2579 426 2671 quinti
441 2566 710 2663 observassemus,
724 2583 781 2649 ubi
794 2605 920 2647 causam
937 2584 1031 2669 hujus
1044 2583 1091 2649 rei
1105 2583 1265 2666 dedimus,
1281 2608 1357 2675 pro-

235 2677 571 2754 miscua²uimis⁸inter
586 2689 664 2755 duas
680 2689 774 2756 unius
791 2688 892 2778 gentis
911 2690 1045 2756 familias
1063 2690 1251 2781 opinionum
1265 2715 1355 2756 com-

129 2788 132 2797 *
236 2793 367 2880 marcia,
381 2782 489 2861 multis
502 2821 584 2887 saepe
597 2797 639 2862 ab
652 2796 751 2862 altera
762 2796 961 2886 professione
975 2798 1015 2862 ad
1031 2798 1164 2864 alteram
1175 2820 1356 2863 commean-

235 2899 334 2967 tibus.
359 2903 397 2967 In
418 2901 483 2967 fine
507 2921 614 2969 tamen
632 2902 741 2969 minus
760 2904 898 2969 obscure
912 2905 954 2971 ad
967 2928 1023 2970 sua
1037 2921 1139 2971 castra
1159 2904 1254 2987 redit,
1277 2905 1354 2971 dum

232 3000 387 3073 sateluam
406 3008 472 3076 suis
489 3011 672 3075 felicitatem
692 3034 765 3077 cum
782 3011 928 3077 universa
943 3027 1100 3078 terrarum
1119 3011 1350 3092 dominatione,

236 3114 352 3182 omissa
366 3133 473 3183 minen
487 3117 612 3184 Messiae
624 3106 800 3200 mentione,
815 3118 988 3208 psomittit,

324 3224 405 3289 Cum
418 3225 536 3293 sanctis
548 3224 694 3316 patribus
706 3225 869 3328 producto
885 3226 917 3292 in
934 3228 1049 3292 saecula
1064 3248 1177 3319 regno.

219 3468 225 3477 ‚
248 3439 249 3443 =
332 3394 430 3460 XIII.
444 3395 614 3482 Sibyllina.»
622 3420 753 3484 poeseos
769 3421 792 3460 α
803 3400 889 3462 tertii
904 3396 1089 3482 soecult‘fiue
1102 3396 1252 3469 conditis.

235 3587 239 3595 ·
276 3543 447 3610 Novissimi
466 3545 544 3610 vatis
558 3544 756 3635 impudentia
769 3545 843 3612 satis
858 3545 996 3612 ostendit
1010 3566 1179 3638 quousque
1193 3545 1351 3626 deciderit

232 3667 305 3716 aute
319 3649 405 3716 tertii
422 3651 525 3717 saeculi
540 3652 636 3717 finem
650 3640 1071 3744 pseudo-propheticae'artis
1081 3651 1239 3735 conditio,
1253 3673 1351 3744 qnam

231 3759 273 3824 ad
299 3757 426 3849 ineptos
446 3774 592 3825 auctores
619 3758 749 3825 redacta
772 3760 826 3843 sit,
844 3746 1003 3849 simulque
1022 3776 1177 3850 quantum
1199 3746 1352 3825 debuerit

231 3890 250 3930 a
280 3867 450 3933 doctorum
472 3868 706 3934 existimatione
732 3867 839 3956 dejici.
870 3871 911 3934 Et
930 3871 997 3955 jam
1011 3869 1103 3962 illius
1128 3867 1235 3935 saeculi
1260 3867 1351 3932 initio

231 3992 457 4041 notaveramus
471 3976 633 4066 graviores
649 3978 807 4067 quosdam
826 3994 858 4043 et
874 3976 1137 4068 intelligentiores
1160 3977 1246 4042 viros
1265 4000 1282 4041 a
1301 3975 1352 4041 si·

233 4082 376 4173 byllinis,
393 4098 602 4150 summotum
616 4094 773 4150 consensu
789 4083 1059 4168 celebratissimis,
1069 4083 1204 4150 citandis
1213 4083 1264 4149 vel
1281 4083 1351 4149 lau-

235 4190 350 4257 dandis
364 4191 565 4258 abstinuisse.
586 4195 715 4278 Quanto
732 4190 833 4283 magis
845 4206 1033 4282 postumum
1049 4195 1116 4257 fere
1133 4192 1283 4258 saeculum
1298 4191 1352 4256 de-

233 4297 370 4362 crevisse
382 4312 477 4387 putes
493 4297 662 4363 hominum
678 4296 843 4362 fiduciam!
861 4295 924 4361 Sed
947 4297 980 4362 in
1001 4296 1123 4362 oriente
1137 4295 1243 4385 potius
1257 4317 1353 4383 quam

231 4401 265 4466 in
282 4401 461 4482 occidente,
474 4403 530 4468 ubi
542 4404 689 4492 segniora
705 4402 832 4492 ingenia
847 4420 878 4467 et
891 4404 932 4470 ad
944 4402 1148 4484 deserendas,
1161 4427 1239 4492 quas
1251 4402 1352 4469 serius

229 4526 432 4600 acceperant,
450 4509 575 4577 fabulas
592 4509 746 4576 tardiora.
763 4512 874 4600 ltaque
894 4528 969 4600 post
988 4511 1187 4576 Clementem
1210 4508 1348 4575 Alexan-
