3186 5310
560 425 610 486 ΑΒ
632 426 773 491 LlBllUbl
793 428 840 489 111.
1227 430 1286 491 349

171 553 442 624 Kdydtydpdusiiiatus
450 557 517 608 τοῦθ’
525 556 681 625 οὕτωσέχειν,
746 562 813 628 ipse;
838 559 949 627 quodam
967 560 1019 624 ejus
1035 560 1194 610 sectatoribus
1209 562 1290 626 potius

170 630 262 684 ottae
271 630 394 695 μεγίσταις
403 631 552 695 σφαλμάτων
563 633 714 699 ἐστιγμένος,
744 636 872 686 tribuenda
893 651 967 700 quarn
989 633 1049 701 ipsi3
1073 635 1181 700 quedam
1205 645 1287 686 autem

170 699 202 755 di
215 704 324 769 μείζονος
332 706 449 772 χρῄζουσι
463 709 649 773 φιλανθρωπίας.
744 728 794 761 non
808 728 838 761 es
858 710 952 760 disertis
964 709 1039 776 ipsius
1058 709 1148 770 serbis,
1169 711 1233 760 sede
1244 726 1285 761 va·

177 780 238 831 Ἀλλ’
249 781 402 846 αἰσχυνέσθω
419 783 548 846 φληναφῶν
571 785 710 851 Ὠριγίνη;,
745 786 788 837 riis
799 786 925 837 sententiis
937 801 982 852 per
996 785 1048 852 ejus
1064 802 1138 851 opera
1150 785 1237 852 sparsis
1249 785 1289 834 in·

169 855 253 925 Πέρας
265 858 377 922 γενέσθαι
388 859 437 908 τῶν
449 860 574 909 soliacus
586 862 672 924 λέγων.
745 862 900 928 terpretando
913 859 1118 926 conjectandoque
1127 861 1239 911 deducta.
1250 861 1293 918 Si·,

170 929 200 980 ln
224 928 263 981 his
284 931 407 982 versieulis
427 934 547 984 nonnulla
573 945 651 986 metro
670 938 714 987 ad·
745 946 788 987 cut
799 952 869 986 error
880 936 925 986 iste
936 937 966 985 dc
980 936 1099 985 damnatis
1112 935 1244 1001 aliquando
1256 935 1287 986 li-

170 1016 307 1071 versamur,
327 1018 356 1059 ut
374 1011 520 1076 προφανῶς,
533 1015 714 1079 κατακεκριμέ-
745 1011 857 1061 beraudis
872 1027 1041 1077 nonexpresse
1052 1011 1116 1076 apud
1129 1010 1209 1076 ipsum
1220 1027 1288 1078 repe-

170 1100 237 1142 souc,
252 1086 443 1151 φιλανθρωπίας,
458 1089 625 1154 αἰσχυνέσθω,
639 1092 714 1141 said·
745 1086 817 1148 ritur,
840 1103 978 1153 quanquam
1006 1087 1029 1135 ei
1049 1102 1111 1151 sepe
1129 1085 1288 1152 exprobratus

170 1174 247 1218 σιων,
257 1157 357 1211 sedhsm
365 1161 391 1211 in
398 1160 483 1212 iambis
492 1180 553 1228 quos
559 1174 647 1215 vocant
653 1165 713 1216 libe-
745 1171 770 1211 et
783 1161 974 1211 anathematibus
985 1160 1082 1210 concilii
1095 1162 1234 1227 perculsus:
1246 1167 1288 1209 sed

170 1232 214 1298 ris,
224 1235 305 1285 medio
312 1252 363 1285 oettt
374 1249 480 1304 recepta.
490 1239 569 1289 Unum
576 1242 714 1305 gratimme
745 1236 809 1286 hanc
818 1237 962 1287 sententiam
971 1253 1001 1285 ex
1012 1235 1112 1285 diversis
1119 1237 1171 1301 ejus
1179 1236 1246 1295 locis,
1257 1252 1288 1285 ne

170 1320 258 1376 peem
266 1312 361 1377 euterpe
371 1330 417 1379 pro
427 1316 550 1378 εὐξαίμην,
562 1317 603 1366 rix
614 1318 714 1383 digium
745 1313 885 1378 antiquitati
905 1312 1071 1378 obstreperet,
1093 1327 1153 1361 a'se
1168 1312 1288 1362 laboriose

171 1386 211 1436 sel
220 1388 406 1454 corruptissimis
422 1391 642 1459 degenerislinguae
653 1403 713 1445 iem.
745 1389 847 1447 collatis,
855 1388 956 1453 diligens
962 1386 1182 1454 extuditintarpres
1188 1387 1289 1438 lluetius

170 1459 280 1527 poribus.
289 1463 373 1514 Cetera
380 1467 453 1531 paulo
467 1467 567 1517 meliors
575 1479 647 1519 sunt:
661 1487 715 1535 qum
745 1463 771 1513 iu
786 1463 945 1528 Origenianis,
959 1462 1003 1511 lib.
1019 1461 1050 1523 ll,
1062 1472 1148 1527 quaest.
1164 1463 1231 1528 1⁵‚s
1247 1470 1287 1515 lb.

169 1535 307 1588 idaolatine
314 1549 408 1590 vertere
418 1540 713 1606 dignatusestFabrieius‚
747 1539 908 1605 Estozprima
921 1537 994 1588 luerit
1008 1537 1098 1587 erroris
1113 1553 1185 1587 causa
1203 1536 1288 1602 Orige-

170 1611 237 1664 llibl.
254 1629 292 1679 gr.
312 1624 371 1667 tom.
391 1616 414 1675 l,
437 1634 462 1683 p.
477 1621 541 1677 264,
562 1618 602 1669 sd.
621 1619 713 1681 licitas,
746 1630 797 1663 nes.
818 1613 889 1674 Quod
905 1622 990 1663 autem
1009 1612 1160 1679 aSibyllista
1180 1613 1288 1675 additur,

170 1685 274 1738 inhunc
285 1690 399 1740 modum:
746 1688 799 1739 iore
816 1699 845 1739 ut
861 1689 932 1738 venia
953 1688 999 1738 ista
1017 1697 1157 1738 sanctorum
1177 1687 1289 1754 precihru

207 1762 351 1816 «heiulatio
360 1766 473 1832 Sibyllini
480 1768 537 1832 loci,
545 1769 646 1831 ll,331,
660 1789 714 1838 sqq,
747 1766 907 1828 concedatur,
923 1764 1043 1814 incertum
1060 1764 1140 1824 unde,
1160 1773 1225 1814 certe
1238 1779 1288 1814 non

171 1838 293 1891 llaclslsa
302 1843 429 1908 perspicue
441 1859 500 1893 :nec
508 1861 616 1910 unquam
623 1848 717 1899 desinet
746 1840 778 1890 ab
791 1839 893 1905 Origene
907 1839 1043 1905 pwfeclum
1059 1849 1104 1888 θεῖ·

171 1912 356 1981 llleintpiorum
366 1926 445 1968 tortor
456 1918 518 1983 ignis
538 1919 651 1974 feruidus.
780 1918 838 1967 332.
854 1915 937 1975 benit,
946 1931 996 1963 non
1005 1923 1104 1965 excusat
1116 1913 1288 1980 Origenianurn

171 1987 288 2056 tharem
298 1991 383 2059 etipse
394 1992 508 2059 equidem
517 1995 562 2046 ism
573 1997 608 2047 iic
619 1998 716 2049 domin.
746 2006 853 2041 errorem
866 1990 912 2040 ista
923 1990 1070 2052 declaratio,
1084 2005 1133 2039 uon
1148 2005 1231 2040 omnes
1244 2006 1290 2041 rrse

615 2084 714 2138 gemm,
746 2065 1289 2131 qualescumquedamuatospoeuissuisexem

173 2138 221 2202 Qui
230 2140 341 2194 maximis
352 2145 453 2194 maculis
464 2146 559 2196 inustus
568 2148 699 2199 criminum
747 2151 816 2206 ptum
830 2140 874 2203 iri,
887 2141 929 2190 sed
943 2157 985 2189 eos
999 2150 1093 2190 tantum
1106 2140 1148 2206 qui
1160 2141 1231 2191 senia
1243 2142 1290 2192 mi·

171 2213 301 2267 Deformor
310 2219 370 2284 ipse,
379 2220 449 2285 queis
458 2221 512 2286 plus
520 2221 596 2287 gratia
603 2233 715 2290 cstopus.
746 2232 792 2266 1¹⁰⁸
811 2216 1078 2281 ¹¹¹d¹ss¹1¹l¹⁵¹f1¹⁰fiflh
1100 2216 1161 2266 Nam
1180 2216 1208 2266 id
1225 2217 1289 2267 veri·

171 2287 264 2341 Verum
276 2293 400 2354 erubesce,
415 2295 554 2360 nugigerule
568 2298 682 2364 Origenes
690 2338 698 2362 ‚
747 2292 791 2341 tati
805 2307 882 2340 unum
904 2289 929 2340 id
942 2302 1129 2342 cousentaneum
1151 2302 1204 2341 erat
1223 2293 1290 2358 quod

172 2361 223 2425 oui
234 2365 410 2419 desiturasesse
423 2386 506 2436 poenas
516 2371 620 2424 dictitas.
635 2395 648 2418 ιν
746 2366 923 2434 supradictum
934 2372 1079 2428 sst,v.310,
1093 2383 1156 2432 sqq,
1170 2368 1291 2418 damnatis

172 2439 230 2491 linc
246 2442 322 2494 latine
339 2444 472 2504 Fabricius,
495 2464 545 2497 non
557 2450 656 2514 optimi,
675 2452 716 2501 „d
747 2459 792 2492 nec
817 2442 964 2508 punitentia
986 2459 1032 2492 nec
1050 2442 1219 2493 misericordiae
1244 2461 1289 2495 uec

172 2515 273 2568 meliora
284 2528 448 2585 tamenqusm
463 2538 547 2587 grace
570 2524 628 2584 Quis
640 2542 717 2590 grisea
746 2518 797 2585 spei
811 2518 891 2567 locum
902 2534 1042 2584 superesse:

172 2590 310 2658 scripserit,
323 2595 391 2662 parri
402 2597 500 2648 interest
514 2599 589 2659 seire,
605 2600 717 2665 dignum·
746 2595 829 2647 110le
846 2594 867 2642 δ’
888 2594 1043 2660 ἕρωτήσουσῑ
1058 2595 1136 2660 μάτην
1157 2595 1220 2646 Osis
1234 2597 1291 2659 itit·

172 2677 268 2730 queest
276 2669 353 2720 otiosa
361 2680 455 2721 tautum
464 2673 613 2725 curiositate.
623 2676 717 2726 Etsane
1173 2671 1288 2735 μέδοντο.

173 2742 257 2808 potuit
283 2745 424 2813 ἀντίρρησις
437 2747 483 2798 ista
496 2749 626 2800 orthodoxi
640 2753 718 2818 cujus·
748 2747 800 2796 Καὶ
809 2746 860 2796 τότ’
871 2747 1023 2814 &matitia
1032 2750 1143 2815 perstitit<
1152 2750 1181 2799 τὸ
1192 2750 1292 2817 πρόσω·

107 2818 111 2829 “
176 2814 238 2868 libet
259 2820 352 2871 calam
382 2838 522 2890 erumpere,
553 2835 580 2875 ut
603 2825 717 2878 diximus.
1087 2842 1132 2874 πον
1146 2826 1292 2878 ἀπἀὐτῶν.

175 2890 241 2943 Vero
253 2904 335 2946 nmen
348 2896 447 2963 propius
459 2908 494 2948 est
504 2899 616 2966 Sibyllini
629 2902 721 2969 compi·
785 2901 842 2956 uto,
858 2915 911 2964 sqq.
936 2898 1018 2950 Rmtat
1040 2909 1067 2950 ut
1078 2901 1108 2950 de
1127 2900 1174 2950 hoc
1192 2900 1249 2951 libri
1272 2900 1294 2951 ll

176 2966 262 3019 latoris
274 2969 340 3021 hune
351 2988 401 3023 esse
414 2972 503 3036 letum,
515 2976 567 3041 ejus
580 2992 667 3043 nempe
678 2977 721 3043 qni
750 2974 844 3040 epilogo
856 2975 946 3039 aliquid
955 2974 1064 3025 dieamus
1074 2991 1080 3024 ε
1092 2977 1167 3040 queri
1176 2976 1293 3042 enimpo-

174 3059 266 3111 corpus
279 3045 426 3114 sibyllinum
441 3047 587 3100 hodiernum
606 3052 632 3101 in
647 3068 721 3102 unam
750 3058 797 3099 test
818 3050 871 3114 quis
883 3050 961 3115 ipsum
979 3050 1115 3116 scripserit,
1131 3062 1156 3100 et
1177 3052 1293 3116 quoniam

175 3135 318 3188 compagem
330 3124 433 3189 redegit,
447 3124 554 3174 bominis
567 3125 633 3176 baud
647 3126 721 3178 dubie
751 3139 789 3174 res
803 3125 866 3174 inter
877 3126 937 3174 duos
951 3135 1045 3174 tantum
1058 3126 1096 3190 agi
1111 3125 1215 3184 videtur,
1237 3142 1295 3176 auc·

177 3195 293 3264 theologi,
304 3197 407 3249 viventis
420 3210 514 3263 autem,
531 3210 559 3250 ut
567 3201 627 3251 alibi
640 3219 721 3253 mons-
751 3207 822 3248 tome
835 3199 964 3264 primarius
977 3199 1034 3248 libri
1048 3200 1120 3265 hujus
1133 3217 1164 3250 an
1177 3201 1295 3266 compila-

176 3271 308 3335 tratimus,
321 3275 408 3325 saeculo
419 3274 450 3325 Vl
459 3276 505 3326 sub
515 3275 651 3329 iustiniano
660 3278 719 3345 imp.
752 3284 791 3324 tor
802 3274 875 3324 totius
889 3273 1002 3340 Sibyllini
1019 3276 1137 3341 corporis.
1159 3274 1229 3326 Stant
1237 3276 1294 3342 qui·

176 3344 374 3415 Quidquidenim
391 3351 442 3417 ipse
458 3351 544 3402 dehac
558 3355 722 3404 controversia
752 3349 806 3399 dem
831 3349 862 3400 ab
880 3360 980 3401 auctore
999 3350 1116 3416 primario
1134 3367 1223 3410 tersus,
1251 3352 1296 3402 etsi
1375 3415 1378 3418 Ι

176 3424 288 3483 senserit,
298 3426 434 3491 prudentie
443 3436 508 3477 certe
518 3427 587 3478 duxit
596 3429 676 3494 pdam
686 3429 723 3479 in·
753 3426 918 3485 mediocriter,
938 3435 1019 3476 tamen
1030 3442 1080 3476 uon
1093 3427 1157 3477 male
1170 3427 1274 3478 coniecti
1289 3447 1296 3480 :

176 3496 252 3550 satiari
277 3515 330 3564 quse
349 3503 533 3570 transcripserat
553 3504 583 3553 de
607 3505 723 3571 opinione
753 3501 794 3553 sed
807 3511 831 3552 et
845 3501 997 3568 compilator,
1010 3502 1084 3553 homo
1098 3519 1148 3553 non
1161 3504 1233 3569 plane
1247 3504 1296 3554 illi·

176 3582 239 3624 tunc
259 3575 376 3628 hereseos
392 3578 506 3629 damnata
525 3588 550 3629 et
568 3580 723 3630 severissimis
754 3587 853 3641 teratus,
870 3577 950 3644 potuit
967 3593 1050 3628 sersus
1067 3579 1162 3643 aliquot
1181 3579 1296 3629 tolerabi-

177 3651 315 3718 pmscripn
327 3653 426 3719 legibus.
445 3653 481 3704 Ile
492 3654 577 3704 edictis
594 3655 685 3721 quippe
697 3656 722 3705 in
753 3655 787 3704 les
796 3655 930 3714 excudere,
941 3653 1074 3720 presertim
1087 3655 1185 3720 adjutus
1193 3655 1297 3709 aliorum

179 3724 326 3792 Origenistas
349 3729 505 3795 promulgatis
527 3747 555 3780 ac
581 3729 612 3781 de
629 3731 722 3798 synodo
753 3730 872 3780 librorum
885 3728 991 3780 auxiliis.
1007 3728 1090 3779 Palam
1108 3739 1174 3779 certe
1190 3746 1247 3780 usus
1260 3740 1298 3781 est

176 3800 414 3869 cpolitana(quints
422 3805 543 3871 generali)
553 3807 673 3874 praecipue
679 3807 723 3858 ad·
753 3805 846 3872 epilogo
864 3805 922 3856 libri
939 3803 1048 3872 septimi,
1064 3804 1101 3854 vel
1126 3813 1192 3854 certe
1208 3805 1296 3856 simili-

176 3892 261 3928 rersus
273 3879 337 3946 ipsos
357 3891 490 3931 convocata
501 3898 565 3932 anne
578 3886 636 3946 553,
649 3899 721 3934 nemo
752 3884 813 3933 tudo
825 3892 893 3933 tanta
909 3892 945 3932 est
966 3882 1030 3931 inter
1046 3880 1129 3929 ambos
1143 3880 1249 3946 epilogos
1269 3891 1298 3932 ut

177 3963 215 4006 est
226 3955 269 4022 qui
280 3972 329 4006 non
342 3955 435 4022 aliquid
445 3974 475 4006 ex
484 3956 592 4009 historiis
600 3959 723 4009 ecelesias·
752 3957 886 4008 necessario
897 3958 1002 4007 altentm
1012 3956 1043 4005 ab
1053 3956 1132 4006 altero
1142 3956 1296 4023 desumptum

177 4029 235 4081 tisis
251 4031 400 4098 cognoverit.
427 4031 463 4083 lle
483 4049 541 4083 vero
563 4035 644 4099 magni
664 4034 721 4096 viri,
752 4049 804 4084 esse
818 4043 939 4101 oporteat.
961 4032 1032 4081 llunc
1048 4031 1219 4097 potiusquam
1236 4033 1296 4083 alte-

177 4107 282 4159 annus
304 4107 376 4167 lieet,
399 4109 522 4158 memorie
546 4109 678 4175 iniquiores
688 4112 722 4161 si·
752 4125 821 4173 rum,
840 4109 898 4175 quia
911 4125 941 4158 ex
952 4108 1029 4157 altero
1038 4107 1136 4157 videtur
1144 4107 1293 4159 emendatus.

177 4184 323 4249 muslquod
332 4183 423 4234 illatix
437 4182 686 4236 defunctusacoeris
697 4196 722 4236 et
753 4185 846 4236 llinora
866 4186 933 4233 enim
957 4183 1055 4249 Sibyllae
1080 4183 1173 4248 altingit
1194 4183 1292 4247 lingitis,

178 4274 256 4325 usque
272 4257 303 4309 ad
321 4275 388 4309 nosa
404 4258 505 4325 posteris
514 4275 597 4326 passm
609 4270 645 4310 est
651 4263 668 4324 ),
683 4277 721 4312 re·
752 4260 884 4327 suppressis
897 4259 987 4322 iisque
994 4259 1295 4323 maximeindignationem

177 4333 306 4384 tardentur
323 4344 430 4400 oportet,
445 4334 543 4399 Origeni
556 4336 721 4401 quedamim·
752 4334 890 4386 movissent.
901 4320 1037 4400 Supprimit
1053 4334 1127 4384 etiarn
1147 4334 1244 4400 Sibyttae
1258 4334 1294 4384 la·

178 4409 261 4476 putari
288 4426 341 4476 que
363 4411 511 4476 conjecture
531 4411 644 4473 licentia,
671 4428 721 4462 non
753 4421 806 4462 tum
823 4419 966 4473 extremum,
988 4409 1034 4476 ipsi
1056 4426 1143 4476 parum
1163 4410 1296 4472 decorum

177 4482 297 4537 dochino
315 4485 491 4538 auctoritates
511 4503 536 4537 se
558 4487 622 4538 tradi
640 4498 722 4539 monet
754 4502 833 4552 neque
842 4485 912 4536 aliter
926 4485 1006 4536 iacere
1014 4494 1118 4552 poterat,
1129 4485 1193 4536 ultra
1204 4483 1299 4552 quippe
