3186 5310
259 999 493 1172 ΤΩΝ
580 998 1379 1172 {inluminent

334 1388 341 1404 “
603 1398 1036 1524 ΧΡΗΣΜΩΝ

572 1724 747 1803 ΛΟΓΟΣ
778 1723 1077 1805 uersuros.
1111 1789 1114 1796 .

369 2283 485 2363 Κλῦτε,
498 2284 573 2358 λεὼς
591 2268 688 2357 datm
705 2283 925 2372 μεγαλαυχέος,
943 2281 1093 2372 Εὐρώπης
1112 2303 1160 2361 τι,

369 2366 460 2451 Onon
477 2385 701 2480 πολομθόγγοιο
723 2379 776 2482 dtis
790 2389 947 2475 στόματος
966 2387 1111 2478 μεγαλοιο

367 2491 482 2558 Metto
501 2492 553 2582 ἀφ’
566 2497 712 2585 ἡμετέρου
727 2494 903 2565 παναληθέα
919 2493 1137 2584 μαντεύεσθαι·

369 2597 416 2662 Οὐ
430 2589 559 2687 ψευδοῦς
573 2593 687 2664 notior
700 2599 925 2690 χρησμηγόρος,
945 2603 978 2665 ὅν
993 2625 1028 2666 τε
1049 2599 1176 2692 μάταιοι

306 2702 323 2767 5
369 2684 532 2794 Ᾰνΰρωποι
551 2708 628 2770 Θεον
645 2730 740 2784 ειπον,
757 2700 963 2790 επεψευσαντο
979 2732 1014 2772 τε
1033 2706 1160 2797 μάντιν·

367 2797 457 2876 dit&
476 2813 554 2877 Θεοῦ
569 2811 726 2903 μεγάλοιο,
743 2810 797 2876 τὸν
812 2814 845 2877 οὐ
859 2813 944 2902 χέρες
958 2813 1093 2879 ἔπλασαν
1109 2805 1228 2905 ἀνδρῶν

369 2907 519 2993 Eilesion
536 2914 675 2984 αλάλοισι
688 2915 935 3009 λιθογλύττοισιν
955 2922 1070 3006 ὅμοιον.
1184 2925 1189 2935 ”

369 3014 453 3088 Οὐδὲ
470 3021 527 3117 γάρ
549 3019 629 3090 οἷκον
648 3025 709 3117 ἔχει
729 3031 792 3107 ναῷ
809 3021 892 3090 λίθον
911 3025 1106 3110 ἑλκυσθέντα,

293 3217 359 3266 Ano.
377 3215 497 3267 Vaticinis
517 3215 548 3266 de
565 3216 713 3266 diuersurum
730 3217 838 3282 gentium
856 3216 1001 3282 urbiumque
1019 3217 1207 3278 calamitatibus,
1228 3219 1259 3269 ds
1278 3217 1387 3268 Neronis
1429 3194 1435 3206 Ι

260 3299 406 3352 Antichristi
419 3302 509 3362 reditu,
527 3310 551 3351 et
565 3301 595 3350 de
606 3301 700 3367 judicio
715 3317 835 3367 supremo.
850 3300 921 3350 Liber
939 3300 979 3350 bic
994 3301 1186 3352 Christianorum
1204 3301 1383 3368 Sibyllinorum

259 3387 439 3453 antiquissimus
454 3395 490 3436 est
502 3385 636 3444 habendus,
648 3385 751 3452 scriptus
766 3401 852 3451 nempe
867 3386 947 3450 primo
960 3387 1056 3446 secolo,
1075 3385 1123 3435 Titi
1137 3386 1196 3454 imp.
1217 3387 1379 3453 temporibus,

259 3472 333 3537 punio
346 3480 401 3538 post
416 3470 500 3520 Vesevi
513 3470 602 3520 montis
619 3470 768 3530 incendium,
782 3480 809 3520 ut
827 3469 890 3519 iniri
907 3470 1012 3535 patebit,
1027 3487 1051 3518 ν.
1067 3474 1124 3534 130,
1138 3487 1189 3537 sqq.
1202 3471 1304 3529 Auctor,
1320 3471 1384 3521 reli·

185 3565 201 3587 ⁸
259 3554 330 3620 gione
343 3556 402 3605 iicet
414 3554 565 3604 Christianus
575 3556 643 3617 (nom
655 3553 719 3618 vide,
735 3558 777 3614 24,
792 3569 855 3621 sqq.;
867 3559 896 3606 16
903 3561 922 3614 Ι,
935 3557 1010 3621 sqq.),
1023 3554 1115 3620 origine
1128 3553 1223 3604 Judreus
1230 3554 1380 3620 agnoscitur,

291 3721 347 3771 Trr.
368 3720 469 3771 Codices
482 3736 565 3769 omnes
578 3720 651 3783 λόγος
667 3721 799 3786 τέταρτοςε
833 3737 882 3786 quo
893 3716 1005 3768 Vaticani
1019 3718 1067 3768 duo
1080 3719 1113 3783 (ii
1128 3734 1225 3784 quoque
1239 3733 1323 3767 recens
1337 3733 1381 3768 ex-

256 3796 356 3861 quidam
376 3796 485 3861 plenius.
511 3795 583 3858 λόγος
604 3796 721 3860 τέταρτος
745 3794 802 3860 περὶ
833 3792 1382 3861 plorati)‚lereperomninconsentiunt.ssnm

258 3871 324 3923 θεοῦ
340 3872 381 3921 καὶ
393 3873 516 3937 διαφόρων
527 3870 625 3936 χωρίων
636 3869 688 3932 (alii
702 3871 801 3936 χωρῶν)
832 3887 876 3919 nos
890 3870 1028 3924 lectionem,
1042 3871 1109 3936 quia,
1118 3869 1199 3919 minus
1212 3878 1269 3918 ante
1282 3884 1327 3917 nos
1341 3885 1382 3919 re·

256 3948 299 3997 stol
311 3949 402 4007 νήσων.
416 3947 530 3996 Omnium
543 3955 626 3995 autem
637 3945 749 3995 codicum
763 3944 801 3993 in·
832 3955 943 4005 tractata,
953 3945 1049 3995 videtur
1061 3946 1117 3996 ideo
1133 3961 1195 3995 vern
1209 3943 1317 4011 propior,
1334 3960 1381 4010 po·

256 4023 350 4073 iirmutn
368 4032 403 4071 est
425 4022 495 4080 sides,
511 4038 539 4070 ex
558 4037 607 4086 quo
625 4020 672 4070 sub
685 4021 735 4070 bos
756 4037 802 4069 nu·
832 4021 951 4071 tissimum
976 4036 1122 4086 sequemur:
1156 4035 1245 4085 eosque
1267 4017 1382 4083 codices,

255 4113 408 4165 perosauuos
418 4097 517 4162 propius
528 4097 633 4160 inspectu
648 4096 802 4162 primumque
831 4095 888 4146 licet
901 4107 958 4146 ante
977 4095 1024 4146 tria
1042 4097 1079 4145 vei
1092 4097 1163 4162 plum
1176 4096 1261 4144 srecula
1277 4095 1382 4161 scriptos

255 4190 269 4224 s
288 4174 341 4223 viro
360 4173 432 4222 docto
451 4171 596 4222 Friedliebio
619 4171 743 4238 publicntn
765 4180 801 4220 est
833 4173 935 4237 (saeculo
952 4171 1005 4232 XV,
1024 4171 1070 4221 nisi
1093 4172 1223 4235 fallimur),
1238 4171 1378 4236 compendii

255 4251 316 4311 (nos
335 4247 401 4298 enim
420 4248 492 4314 paulo
511 4247 628 4296 tardiores
645 4246 801 4307 advenimus)
832 4263 903 4296 caiisa
915 4265 969 4296 σον.
985 4245 1061 4297 codd.
1072 4246 1227 4296 vocabimus:
1242 4246 1322 4313 prison
1335 4261 1383 4296 su·

224 4368 228 4375 ,
255 4323 329 4390 bujus
340 4324 396 4374 libri
408 4322 481 4372 lectio
494 4338 557 4371 nova
568 4322 668 4372 omnino
678 4331 703 4372 et
712 4322 801 4370 mirum
831 4331 880 4371 tem
890 4323 963 4372 lectio
972 4323 1115 4389 plerumque
1126 4339 1176 4372 uno
1186 4321 1260 4371 verbo
1270 4320 1381 4385 designa-

254 4409 374 4465 qunnturn
395 4399 425 4447 nb
447 4397 518 4447 editis
538 4398 690 4463 discrepans,
710 4395 800 4446 codicis
831 4396 906 4456 bitur,
922 4396 988 4446 olim.

254 4491 341 4540 nempe
353 4473 503 4525 Moriaccnsis
519 4473 568 4522 sive
583 4472 726 4530 dudilani,
743 4488 799 4520 cum
868 4477 889 4522 1.
909 4473 972 4524 Olim
985 4473 1062 4535 κλαῖε,
1075 4472 1138 4522 unde
1148 4472 1224 4522 nosin
1236 4471 1317 4538 priore
1327 4471 1381 4522 edi·
1398 4484 1402 4491 ·
