3186 5310
451 426 739 491 snmuuoauu
758 429 830 493 un
853 429 908 506 m,
929 427 949 511 g
968 431 998 491 a.

252 563 322 626 Hoc
337 558 398 624 erit
411 560 551 650 antiquae
563 562 711 654 Phrygiae
724 561 921 631 lacrimabile
934 562 1036 628 fatum
1052 592 1060 628 ι

251 669 328 733 Haec
337 693 411 734 vere
423 686 574 758 poterunt
590 670 752 760 Neptunia
768 688 916 760 tempora
930 670 1005 754 dici,

251 777 331 859 Quae
342 777 481 843 latebras
495 777 639 868 pandent
652 795 823 863 terrarum,
838 795 870 843 et
885 779 1001 844 moenia
1020 797 1182 871 rumpent.

145 879 226 964 '410
250 883 355 950 Triste
367 885 497 976 quidem
511 886 626 962 fatum,
641 885 698 951 sed
709 885 831 951 tristius
852 888 971 970 omine,
986 887 1116 976 quando

249 995 389 1058 Arsuros
401 1009 471 1058 toto
483 994 651 1085 praesagiet
665 995 743 1058 orbe
755 994 924 1073 tumultus,

249 1098 482 1190 AEneadasque,
499 1125 599 1190 genus
615 1102 749 1167 fratrum
762 1100 837 1167 licet
848 1100 1082 1190 indigenarum,

248 1205 336 1270 Bello
349 1207 467 1272 iterum
477 1225 573 1297 atque
584 1209 699 1273 iterum
710 1209 852 1298 praedam
863 1208 933 1274 sore
946 1227 1079 1299 propter
1087 1224 1243 1274 amantes.

294 1314 388 1395 Ilion,
400 1316 482 1381 heul
496 1316 669 1382 miseresco
680 1315 727 1382 tui
741 1340 749 1382 :
763 1340 837 1381 nam
850 1335 970 1382 crescet
982 1317 1121 1407 Erinnys

158 1421 222 1501 415
247 1407 414 1511 Spartana,
427 1419 558 1510 insignis
568 1420 662 1506 facie,
674 1420 929 1512 celebrandaque
941 1420 1025 1501 satis,

243 1530 381 1618 Europae
394 1545 490 1618 atque
502 1527 586 1593 Asiae
601 1513 734 1619 germen
746 1552 918 1594 commuue
934 1530 1112 1606 malorum,

247 1635 310 1701 Sed
326 1635 385 1700 tibi
399 1634 585 1726 cumprimis
601 1637 738 1726 gemitus
752 1636 964 1726 lacrimasque
980 1635 1093 1720 ciebit,

247 1741 474 1831 AErumnisque
491 1741 555 1807 tuis
570 1759 726 1826 aeteruum
744 1744 828 1808 clara
845 1742 978 1808 feretur.

290 1846 370 1913 Inde
383 1872 482 1913 senex
494 1848 602 1914 veniet
616 1848 771 1915 falsorum
790 1849 940 1940 scriptor,
955 1866 988 1913 et
1002 1852 1106 1939 ipsum

157 1964 222 2039 420
245 1957 402 2024 Mentitus
414 1957 527 2049 patriae
540 1982 661 2024 nornen
675 1982 683 2023 ε
700 1959 750 2023 eui
766 1959 886 2024 lumino
899 1959 966 2023 visu

248 2065 361 2142 Cassa,
379 2061 436 2128 sed
450 2063 567 2152 ingenii
580 2064 627 2129 vis
643 2063 799 2154 plurima,
819 2087 943 2152 voxque
959 2063 1084 2129 sonoris

245 2174 330 2260 Apta
346 2170 470 2249 modis,
489 2187 522 2234 et
539 2169 645 2260 lingua
662 2169 792 2260 duplex.
812 2169 917 2235 Chion
933 2169 1001 2260 ipse
1017 2169 1162 2237 cauendo

247 2278 395 2343 Natalem
412 2295 587 2367 agnoscet:
603 2294 772 2368 gestusque
788 2276 830 2342 ad
847 2279 963 2342 moenia
981 2280 1086 2366 Trojae
1152 2323 1156 2330 ·

245 2387 310 2450 Res
329 2400 425 2449 cantu
438 2382 570 2468 referet,
588 2408 655 2449 nou
670 2407 757 2463 vere,
778 2383 861 2449 sicut
874 2383 1054 2464 habebunt,

244 2489 308 2555 Sed
324 2488 434 2574 docte,
450 2513 525 2554 nam
542 2514 625 2582 saepe
642 2490 721 2555 meis
745 2489 914 2583 verbisque
931 2491 1099 2583 modisque
1119 2521 1127 2558 z

156 2594 222 2676 425
247 2597 375 2686 Quippe
390 2620 482 2662 meos
495 2597 620 2688 primus
632 2598 735 2664 libros
752 2599 900 2663 evolvere
914 2600 1004 2664 norit
1020 2628 1028 2664 ε

245 2703 447 2794 Ornabitque
460 2703 559 2770 duces
576 2728 741 2770 armorum
754 2704 848 2770 laude
865 2708 1035 2798 superbos,

244 2813 387 2877 Hectora
401 2812 585 2879 Priamiden
599 2830 632 2878 et
647 2813 793 2879 Achillea
811 2814 955 2895 Peliona,

243 2923 350 3010 Atque
364 2918 457 2999 alios,
474 2921 591 3010 quibus
609 2936 657 2986 est
671 2921 770 2986 virtus
787 2923 944 2988 mavortia
961 2923 1063 2989 cordi.

245 3026 335 3110 Quin
347 3026 441 3094 societ
458 3029 549 3092 divos
566 3027 630 3092 illis
644 3027 804 3113 assistere,
822 3030 905 3094 falso

154 3133 221 3214 ⁴30
244 3134 297 3200 Sic
310 3133 453 3200 vocitans
466 3135 614 3200 homines
625 3133 729 3200 fluxos
743 3135 899 3227 lethoque
915 3135 1070 3226 sepultos.

244 3243 339 3307 Mors
354 3244 415 3306 erit
429 3241 561 3307 illorum
574 3241 694 3332 potior,
714 3243 770 3332 qui
784 3245 893 3309 nobile
907 3244 1029 3309 circum

242 3348 325 3415 Ilion
341 3348 531 3431 occiderint,
545 3371 686 3438 quorum
701 3367 794 3416 canet
807 3350 875 3441 ipse
890 3352 1029 3417 labores.

150 3589 295 3625 morsurus
316 3571 359 3622 ille
382 3572 481 3639 quidem
498 3571 563 3622 libro
579 3572 622 3630 xl,
644 3575 702 3631 tat,
728 3579 800 3625 ‘corn
815 3572 963 3624 oenomao
982 3583 1101 3640 tanquam
1121 3573 1220 3642 Sibylla
1231 3575 1284 3642 pla·

151 3666 221 3716 sqq„
240 3650 358 3700 lectorem
379 3649 417 3699 vel
430 3647 537 3698 inritum
549 3647 653 3699 remittit
673 3649 702 3699 nd
734 3646 819 3714 mario,
830 3647 885 3699 vide
899 3659 950 3698 not.

150 3726 228 3776 Euclu
241 3725 427 3792 fragmentum
440 3724 560 3775 Pausania
571 3733 703 3783 serratum,
770 3728 829 3777 425.
846 3725 874 3775 lu
883 3724 932 3775 fine
943 3726 1014 3775 codd.
1027 3727 1149 3792 ὁνομήνη,
1162 3725 1214 3777 siue
1226 3743 1284 3777 teu·

151 3800 226 3852 Phoe.
239 3819 294 3869 cap.
317 3804 366 3864 tt,
393 3811 418 3852 et
440 3817 494 3867 qua
507 3800 554 3866 ipsi
569 3816 612 3850 nos
626 3799 704 3850 edidi-
735 3815 914 3850 au:uoscorr.

150 3891 205 3927 mut
217 3875 451 3944 frequentaremus
467 3875 598 3943 Erythraeae
612 3873 639 3925 in
651 3875 703 3944 Ap·
769 3878 826 3927 426.
844 3876 883 3928 An
898 3876 978 3943 potins
991 3876 1013 3926 δ’
1029 3870 1055 3929 ὦ
1072 3877 1155 3942 udan?

150 3952 225 4019 paud.
242 3953 274 4003 ad
297 3953 355 4003 Exn.
371 3950 402 4003 ll.
767 3954 825 4002 432.
845 3951 922 4001 Codd.
943 3951 1020 4002 strov-
1048 3953 1168 4004 ἀλλὰκαὶ
1186 3954 1283 4012 corte:

185 4030 242 4081 tto.
260 4027 698 4092 Codd.&uottdlnqt'tocdvonficwlv
732 4042 776 4075 nos
791 4043 853 4077 corr.
880 4027 974 4077 Deinde
996 4043 1041 4094 pro
1063 4028 1191 4092 tinnabula,
1216 4031 1283 4096 quod

150 4104 199 4163 σίν,
214 4103 261 4154 uisi
274 4104 340 4171 quod
352 4120 398 4171 pro
407 4105 432 4154 lv
442 4104 480 4155 σίν
494 4102 593 4169 quidam
604 4102 696 4153 habeut
727 4103 793 4152 salva
815 4103 935 4168 grocitate
962 4102 1003 4151 rix
1029 4103 1083 4169 capi
1113 4114 1193 4170 potest
1218 4105 1281 4169 (niti

150 4178 696 4248 inoptaomueesineseusutnoseorr.Vide
728 4180 791 4229 forte
817 4178 852 4228 sie
876 4178 1028 4237 vertendum,
1045 4181 1200 4231 ‹imereedem
1214 4197 1283 4230 suam

149 4265 232 4306 tamen
240 4273 273 4306 an
284 4272 329 4323 pro
342 4256 412 4309 δύσει
420 4255 496 4322 magis
505 4255 694 4322 placeatltldtt,
727 4253 844 4304 habentia
859 4253 897 4304 rel
922 4252 1078 4319 habitum),
1104 4257 1183 4306 multo
1206 4255 1281 4321 magis

149 4330 319 4393 attimacum,
332 4330 395 4383 sieut
405 4331 438 4392 11,
455 4335 511 4383 tto.
727 4330 835 4396 placeret
861 4329 932 4379 uobis
962 4331 1071 4394 ἀοίδιμοι,
1096 4330 1194 4381 Strurio
1207 4331 1282 4382 etiam

184 4408 242 4459 421.
262 4406 303 4457 Sic
318 4407 390 4458 codd.
410 4408 431 4459 θ’
451 4409 509 4467 teet,
522 4405 566 4455 ubi
579 4421 624 4454 uos
637 4404 696 4457 olim
728 4405 857 4472 probante.
870 4405 1087 4472 Alteratdenique
1098 4423 1144 4474 pro
1161 4409 1223 4465 λέξει
1240 4422 1281 4458 to·

149 4481 202 4533 aine
210 4493 310 4534 auctore
323 4484 344 4533 δ’
357 4484 412 4540 ltu.
728 4483 817 4533 loeeum
829 4492 874 4539 est,
892 4482 934 4532 sed
948 4480 1106 4548 Sibylliuum.
1122 4480 1211 4535 Versus
1224 4482 1280 4534 iuli·

185 4560 242 4612 424.
258 4558 444 4626 ὒοῶσοφῶςε
454 4555 698 4627 sedquotmsuluoa
730 4567 799 4609 cetus
808 4567 850 4609 uut
859 4567 1000 4626 corruptus.
