3186 5310
429 361 712 425 sternimoaou
733 363 802 425 uo.
824 363 874 435 ιιι,
897 361 916 442 g
936 365 966 422 ι.
1206 365 1263 425 ito
1321 444 1322 448 Ν

234 492 380 582 Quisque
398 492 500 576 domi,
517 519 677 561 summum
691 519 879 562 veneremur
892 494 951 559 rite
970 512 1151 584 parentemt

236 604 397 690 Armaque
411 625 469 690 per
484 619 585 667 totam
602 606 780 692 relegamus
795 601 907 667 inertia
926 619 1064 680 terram,

237 708 403 772 Annorum
422 725 544 797 septem
561 708 880 775 circumvertentibus
894 707 999 787 boris,
1100 793 1102 795 ‚

236 810 341 880 Peltas
355 833 386 880 et
403 816 535 905 clipeos,
552 817 657 906 galeas
675 816 770 882 simul
788 833 819 880 et
835 839 935 903 genus
950 839 1045 880 omne

147 921 213 1010 730
236 923 402 1003 Telorum,
419 947 532 988 curvos
547 946 652 1005 arcus,
671 923 854 1011 celeresque
871 923 1021 1010 sagittas;

235 1031 304 1093 Nec
318 1029 358 1094 de
372 1047 523 1119 querceto
540 1029 662 1118 lignum
678 1030 818 1095 caedatur
832 1030 865 1094 in
883 1029 1001 1115 ignem.

276 1114 344 1201 ‘sed
358 1136 485 1217 misera,
501 1137 582 1202 heu!
600 1137 673 1201 vani
683 1139 751 1222 jam
767 1136 888 1217 desine,
906 1134 1041 1213 Graecia,
1056 1133 1166 1213 fastus,

235 1243 469 1330 AEternumque
487 1265 580 1307 orare
596 1245 701 1308 Deum
719 1241 768 1306 fac
787 1241 921 1330 provida
936 1265 1038 1306 cures.

235 1347 329 1412 Mitte
346 1365 378 1412 et
395 1347 428 1412 in
442 1348 525 1412 hanc
543 1350 657 1413 urbem
673 1348 841 1437 populum,
862 1347 917 1437 qui
929 1347 1060 1414 lluotuat
1075 1371 1187 1435 expers

148 1453 211 1541 735
236 1453 378 1533 Consilii,
399 1478 531 1543 genusa
548 1472 656 1520 sancta
670 1454 784 1519 tellure
799 1455 991 1521 trahentem.

235 1559 285 1624 Ne
303 1559 504 1624 Camerinam
518 1560 603 1648 agita
620 1590 627 1625 :
648 1559 753 1624 minus
770 1560 839 1625 hoec
855 1559 989 1624 immota
1004 1559 1134 1625 nocebit
1151 1590 1161 1624 .-

236 1667 308 1731 Neu
325 1668 463 1757 pardum
477 1691 494 1732 e
510 1692 638 1749 somno,
653 1693 694 1733 ne
709 1667 786 1757 quid
803 1668 924 1758 patiare
938 1669 1120 1735 molestum.

236 1775 421 1863 Comprime
436 1790 483 1850 te;
500 1799 559 1839 nec
576 1775 615 1839 sit
631 1774 690 1840 tibi
705 1792 791 1840 tanta
806 1776 956 1865 superbia
970 1777 1072 1853 cordi,

235 1882 280 1943 Ut
297 1881 434 1945 retinere
450 1880 525 1944 velis
542 1880 660 1946 durum
674 1883 714 1947 ad
731 1898 894 1946 certamen
907 1900 1032 1950 euntes.

147 1991 213 2074 740
236 1986 299 2052 Sed
314 2009 464 2076 magnum
481 2010 632 2052 venerare
651 1989 764 2068 Deum,
782 2011 856 2077 pars
872 2007 907 2052 ut
923 1988 983 2052 tibi
999 1988 1093 2053 detur

235 2098 316 2158 Cum
329 2092 458 2173 sanetis,
479 2091 573 2158 satale
590 2092 645 2158 ubi
654 2095 723 2178 jam
735 2093 950 2181 complebitur
967 2118 1086 2175 aevum,
1168 2085 1170 2091 ⁵

235 2202 277 2265 Et
287 2199 379 2287 justis
397 2199 583 2288 cunctisque
596 2199 699 2264 aderit
711 2200 902 2264 mortalibus
916 2201 996 2264 hora

234 2305 349 2371 Judicii
367 2304 485 2394 magni,
498 2308 588 2390 jussu
603 2303 803 2393 imperioque
820 2305 988 2382 Tonantis.

235 2415 321 2478 Nam
338 2430 423 2477 terra
435 2411 638 2502 omniparens
653 2412 842 2477 mortalibus
861 2412 1002 2502 undique
1015 2413 1122 2503 fruges

236 2521 320 2586 Edet
334 2519 536 2584 inexhaustas
550 2518 625 2599 olei,
642 2517 783 2608 vinique,
800 2518 948 2609 cibique;

147 2626 213 2714 745
237 2626 417 2716 Melleaque
436 2649 474 2690 ex
491 2625 557 2689 alto
576 2627 733 2690 rorabunt
751 2624 864 2712 pocula
882 2625 979 2703 oael03

238 2733 376 2799 Arborei
392 2732 514 2799 fructus
528 2751 561 2797 et
575 2733 679 2797 dulcia
697 2756 805 2821 poma,
829 2732 987 2822 simulque

239 2842 447 2905 Succrescent
463 2839 572 2903 ovium
587 2838 669 2903 fetus
690 2840 838 2927 letusque
852 2863 1038 2929 caprarum

240 2948 280 3010 Et
297 2946 390 3010 niveo
407 2946 512 3010 fontes
525 2962 695 3034 erumpent
710 2947 791 3012 lacte
805 2945 950 3012 fluentes.

240 3051 366 3141 Oppida
382 3051 475 3139 plena
489 3050 597 3128 bouis,
617 3068 649 3116 ct
666 3051 797 3142 pinguia
811 3076 885 3117 rura
905 3052 1072 3117 nitebunt:

151 3157 217 3245 750
239 3157 308 3222 Neo
323 3156 444 3245 gladios
457 3173 591 3238 metuet,
606 3181 665 3222 nec
678 3156 753 3222 belli
770 3175 854 3222 terra
866 3157 1056 3239 tumultum;

240 3264 308 3329 Nec
326 3262 510 3328 tremefacta
523 3281 628 3350 gemet
646 3263 770 3328 nutanti
784 3263 926 3353 pondere
944 3264 1055 3338 tellus3

239 3371 309 3436 Nec
325 3369 456 3450 bellum,
473 3392 533 3433 nec
549 3368 610 3433 erit
626 3386 810 3434 maestorum
827 3369 956 3456 squalor
970 3393 1135 3458 agrorum,

146 3549 302 3615 'secessione].
315 3547 428 3606 retinere,
444 3547 463 3597 si
475 3546 550 3596 velint
558 3545 678 3595 bonorum
688 3545 776 3595 sanetis
785 3545 958 3612 promissorum
968 3547 1098 3615 participes
1106 3548 1201 3599 tert-
1213 3554 1271 3610 tlt.

150 3649 204 3708 sqq.
215 3632 307 3685 Rursus
320 3642 457 3700 temporum
471 3647 591 3681 novorum
605 3628 708 3680 felicitas
722 3629 877 3681 describitur.
889 3658 920 3667 —

187 3783 246 3833 139.
265 3782 364 3837 Erebe<
376 3780 400 3829 in
412 3779 556 3836 masculino,
569 3794 645 3844 quum
659 3778 694 3828 le-
727 3777 792 3828 τοῖσι
805 3778 855 3828 Καὶ
866 3777 895 3837 δὴ
911 3776 1024 3843 epilam
1038 3779 1118 3846 κρίσις
1130 3781 1170 3831 (all.
1184 3785 1270 3843 θιοῑο.

151 3857 273 3908 minirum
287 3855 443 3923 precesserit,
467 3854 612 3920 Sibyllinam
634 3854 697 3920 sapit
729 3854 803 3910 Ἥξει
818 3853 935 3918 ἔπ’ᾰνθρ.
955 3856 1047 3918 μεγάλη
1068 3855 1149 3920 κρίσις
1165 3857 1209 3916 ἡδὶ
1228 3861 1271 3910 καὶ

151 3932 294 3983 licentiam:
310 3931 350 3982 vir
366 3930 431 3981 euim
443 3945 579 3998 proponere
591 3928 697 3979 antimus
728 3929 800 3994 ἀρχή.
818 3929 853 3979 Er
869 3927 965 3979 duobus
973 3928 1065 3979 ultimis
1076 3930 1184 3981 versibus
1194 3950 1271 3984 unum

152 4007 260 4060 anund
274 4007 300 4065 te
312 4008 404 4071 ἀγῶνα.
727 4004 863 4054 redundare
875 4014 956 4071 patet;
971 4013 1070 4066 utrum,
1085 4007 1206 4058 nescimus
1223 4027 1230 4060 ε
1248 4019 1273 4060 et

188 4086 317 4149 lll‚sqq.
344 4081 453 4132 Ὀτιπότι
471 4082 513 4130 καὶ
532 4079 607 4130 τοῦτο
628 4080 697 4135 rste:
727 4089 809 4130 umen
821 4082 873 4146 ipsu
886 4079 1019 4144 tautologia
1031 4078 1128 4130 delendi
1143 4092 1222 4148 potest
1235 4085 1273 4134 Si·
1376 4116 1379 4124 .

152 4156 234 4209 αῐσιον
247 4153 314 4226 ἦμαρ
327 4174 334 4208 :
350 4156 445 4207 addidit
458 4156 515 4222 Ops.
530 4157 657 4221 προλάὅῃ,
672 4163 696 4203 et
727 4155 825 4221 byllinis
844 4154 975 4220 exemplis,
996 4164 1023 4205 ut
1046 4172 1136 4222 supra,
1158 4162 1220 4219 15t,
1234 4176 1272 4225 sq.

150 4232 255 4299 sisipoti
267 4232 400 4300 rescripsit,
414 4241 442 4282 ut
454 4248 526 4296 supra
537 4235 594 4292 569,
608 4232 696 4296 partim
728 4230 819 4295 Utique
833 4229 880 4279 clr.
896 4229 968 4287 infra,
987 4233 1044 4280 tta.

152 4325 168 4358 e
182 4309 258 4375 conj„
269 4310 360 4375 partim
369 4308 442 4358 etiam
454 4323 484 4356 ex
499 4306 636 4363 Lactantio,
645 4304 696 4362 Vll.
764 4309 821 4356 tlt.
841 4305 902 4354 llale
916 4304 1061 4370 productum
1074 4324 1091 4356 a
1112 4306 1138 4357 in
1152 4309 1276 4376 χιμάρους

153 4387 201 4442 2⁰,
219 4383 290 4434 aliter
309 4393 391 4434 tamen
408 4383 443 4433 ita
458 4383 566 4447 legerim
588 4380 697 4431 Ὀππότι
728 4381 778 4430 uoli
791 4397 895 4430 curare:
911 4389 947 4430 est
958 4381 1024 4430 euim
1034 4381 1133 4448 Sibyllae
1148 4386 1274 4447 mendum,

152 4460 196 4509 καὶ
216 4461 244 4510 τὸ
258 4460 319 4534 λάθῃ
340 4461 409 4516 τέλος
429 4456 547 4521 αἴσιμον,
568 4455 612 4516 ἡδὲ
637 4458 697 4522 ppo·
730 4473 778 4506 non
791 4454 887 4506 librarii
900 4472 945 4523 pro
958 4457 1082 4523 χιμαίρας.
