3186 5310
247 1275 251 1283 ,
300 1066 1179 1246 sintiirnonull

440 1470 1039 1597 ORACULORUM

530 1776 684 1855 LIBER
712 1776 955 1855 TERTIUS.

219 2347 351 2421 ‚Rursus
365 2345 398 2411 in
414 2345 511 2411 tertio
525 2346 624 2436 ipsius
637 2362 727 2411 tomo
741 2348 810 2413 haec
823 2346 868 2413 nit
888 2376 896 2412 z

272 2532 465 2614 Altitonans,
482 2532 570 2615 felix,
589 2534 678 2619 cujus
692 2532 816 2598 coeleste
833 2532 1015 2599 Cherubim

272 2639 478 2706 Circumdnnt
491 2639 618 2722 solium,
633 2657 668 2705 tu
683 2662 735 2705 me
749 2640 856 2706 omnia
871 2663 945 2705 vera
958 2640 1112 2713 locutam,

273 2748 340 2812 Oro
354 2747 517 2836 equidem,
532 2747 664 2837 paulum
675 2770 785 2813 recrea
801 2775 809 2814 ε
825 2772 901 2813 unm
919 2746 1018 2812 corda
1032 2745 1195 2813 fatiscunt.

272 2855 335 2920 Sed
349 2853 427 2944 quid
442 2877 531 2919 mens
545 2853 662 2920 iterum
675 2855 818 2944 quatitur
829 2854 923 2937 mihi,
939 2853 1058 2944 quidve
1072 2851 1198 2944 flagello

230 2962 247 3026 5
272 2962 339 3026 Icta
352 2984 450 3039 novo,
466 2984 575 3026 rursus
589 2985 801 3052 prorumpere
818 2961 957 3052 cogitur,
973 2983 1087 3027 omnes

271 3069 316 3131 Ut
330 3066 445 3132 doceat
458 3084 568 3154 gentes
581 3071 589 3131 l
606 3071 728 3134 Rursus
738 3073 805 3155 jam
818 3084 932 3134 cuncta
945 3068 1114 3157 profabor,

271 3175 352 3258 Quae
366 3175 452 3238 Deus
465 3173 548 3240 edici
562 3175 693 3240 mandat
706 3174 896 3240 mortalibus
910 3173 1016 3263 nigris.

316 3279 521 3363 Ohomines‚
536 3281 692 3371 impressa
707 3281 767 3346 Dei
782 3304 864 3370 quos
879 3279 1116 3370 signatsimngo,

184 3477 237 3537 tile,
260 3475 387 3526 recideret.
404 3474 498 3536 Postea,
515 3483 609 3525 mutato
632 3476 742 3537 consilio,
762 3475 848 3526 maluit
871 3474 949 3543 (quod
969 3475 1017 3542 ipsi
1042 3473 1223 3542 gratulandum)
1250 3472 1313 3524 inte·

183 3578 238 3628 gros
253 3577 348 3614 serrare
364 3559 449 3626 libros,
462 3576 476 3611 e
490 3559 579 3627 quibus
592 3577 659 3613 nunc
677 3561 797 3629 Sibyllina
811 3572 906 3614 oontut
920 3559 1040 3614 collectio.
1055 3558 1088 3612 ΙΙΙ
1102 3576 1159 3612 vero
1173 3559 1312 3611 munitioni

182 3661 231 3694 suaa
255 3645 313 3696 libri
336 3645 408 3695 unius
433 3643 538 3712 speciem
564 3655 589 3697 et
620 3647 750 3697 voluminis
774 3661 912 3697 mensuram
943 3645 1086 3713 affingeret,
1118 3644 1237 3711 congessit
1260 3644 1310 3694 huc

182 3739 282 3792 temere,
296 3740 350 3797 post
363 3746 459 3781 nereum
468 3734 511 3791 02,
526 3730 725 3798 fragmentaque
743 3733 770 3782 in
791 3732 879 3798 prioris
893 3731 989 3782 consilii
1011 3747 1083 3781 usnun
1101 3729 1201 3781 diversis
1213 3745 1228 3780 a
1241 3728 1311 3779 libris

182 3824 343 3883 excerpserat,
367 3825 410 3867 aut
432 3816 506 3865 etiam
527 3833 581 3882 que
606 3833 636 3867 cx
655 3817 720 3867 libro
734 3817 756 3867 ll
771 3817 898 3867 brevitatis
911 3833 983 3867 causa
1006 3825 1183 3883 amputaverat,
1199 3831 1254 3881 que
1266 3815 1312 3864 n'os

182 3899 327 3971 omnia'suis
340 3899 400 3949 locis
408 3899 541 3951 indicaturi
554 3918 645 3952 sumus.
658 3901 693 3953 lie
707 3902 754 3953 bac
763 3911 815 3953 tota
825 3918 852 3952 re
862 3901 946 3953 eonier
960 3901 1020 3953 Exc.
1033 3910 1108 3952 nostr.
1123 3898 1153 3960 t,
1168 3915 1223 3966 cap.
1237 3902 1310 3951 12.-

185 3987 209 4044 1,
222 3999 274 4051 sqq.
286 3983 430 4036 Exhortatio
445 3985 476 4035 ad
488 3986 589 4052 gentiles
603 3997 656 4038 uta
670 3986 786 4039 lalanrum
800 3988 903 4037 deorum
916 3986 985 4038 cultu
998 3985 1030 4036 nd
1043 4001 1121 4036 unum
1134 3999 1219 4035 rerum
1231 3981 1311 4035 Deum

183 4080 365 4123 convertantur
380 4093 414 4106 -

184 4233 302 4302 proiecto,
318 4235 347 4296 si,
362 4238 427 4304 quod
441 4237 500 4287 olim
513 4235 606 4287 lectum
612 4236 726 4297 diximus,
794 4239 818 4286 5.
838 4234 877 4285 bn
895 4234 981 4285 melius
993 4233 1064 4284 πάλιν
1078 4232 1193 4284 &ibreii
1211 4228 1260 4282 Sed
1276 4228 1313 4282 Si-

184 4309 278 4377 priorea
286 4311 336 4363 duo
350 4329 365 4363 a
379 4314 538 4381 compilatore
550 4313 576 4362 in
584 4328 662 4362 unum
669 4328 728 4363 con·
759 4311 825 4379 bylla
836 4310 960 4362 interdum
971 4308 1145 4376 paronomasiia
1156 4306 1253 4374 gaudet.

184 4385 261 4451 juncti
273 4384 377 4438 inerant.
795 4391 819 4445 8,
835 4402 887 4452 sqq.
903 4386 939 4437 Er
952 4383 1072 4435 Prooemio
1091 4381 1229 4450 Sibyllino,
1244 4398 1269 4433 t.
1287 4388 1312 4443 l,

221 4464 244 4519 1,
253 4477 307 4529 sqq.
319 4463 370 4515 Cir.
384 4464 469 4515 ultima
481 4463 582 4523 librili,
593 4462 730 4530 similesque
762 4478 818 4512 cum
826 4462 918 4522 multis,
934 4461 997 4512 sicut
1010 4461 1126 4520 diximus,
1137 4458 1308 4527 sequentium

184 4536 349 4600 transitiones,
357 4538 404 4600 ΙΙΙ,
416 4542 473 4600 162,
489 4542 548 4600 tet,
561 4542 620 4600 489,
631 4547 678 4590 etc.
762 4535 807 4588 cfr.
821 4537 896 4590 etiam
904 4536 971 4598 Vlll,
985 4541 1032 4590 ³78
1047 4545 1072 4588 et
1084 4538 1142 4607 403.
