<?xml version="1.0" encoding="UTF-8"?>
<!DOCTYPE html PUBLIC "-//W3C//DTD XHTML 1.0 Transitional//EN"
    "http://www.w3.org/TR/xhtml1/DTD/xhtml1-transitional.dtd">
<html xmlns="http://www.w3.org/1999/xhtml" xml:lang="en" lang="en">
 <head>
  <title>
</title>
<meta http-equiv="Content-Type" content="text/html;charset=utf-8" />
  <meta name='ocr-system' content='tesseract 3.04.00' />
  <meta name='ocr-capabilities' content='ocr_page ocr_carea ocr_par ocr_line ocrx_word'/>
</head>
<body>
  <div class='ocr_page' id='page_1' title='image "./oraculasibyllin00alexgoog/oraculasibyllin00alexgoog_0396.png"; bbox 0 0 3186 5310; ppageno 0'>
   <div class='ocr_carea' id='block_1_1' title="bbox 458 424 1244 512">
    <p class='ocr_par' dir='ltr' id='par_1_1' title="bbox 458 424 1244 512">
     <span class='ocr_line' id='line_1_1' title="bbox 458 424 1244 512; baseline 0.003 -4"><span class='ocrx_word' id='word_1_1' title='bbox 458 428 930 512; x_wconf 78' lang='lat' dir='ltr'><strong>srevttmouuuuu.&#39;xrv.</strong></span> <span class='ocrx_word' id='word_1_2' title='bbox 1187 424 1244 511; x_wconf 78' lang='lat' dir='ltr'><strong>ssi</strong></span> 
     </span>
    </p>
   </div>
   <div class='ocr_carea' id='block_1_2' title="bbox 92 566 1200 3330">
    <p class='ocr_par' dir='ltr' id='par_1_2' title="bbox 136 566 1115 1092">
     <span class='ocr_line' id='line_1_2' title="bbox 136 566 1018 669; baseline 0.006 -26"><span class='ocrx_word' id='word_1_3' title='bbox 136 602 198 666; x_wconf 84' lang='lat'><strong>290</strong></span> <span class='ocrx_word' id='word_1_4' title='bbox 222 581 270 644; x_wconf 89' lang='lat' dir='ltr'><strong>De</strong></span> <span class='ocrx_word' id='word_1_5' title='bbox 283 579 377 661; x_wconf 89' lang='lat' dir='ltr'><strong>natis,</strong></span> <span class='ocrx_word' id='word_1_6' title='bbox 394 596 425 644; x_wconf 90' lang='lat' dir='ltr'><strong>et</strong></span> <span class='ocrx_word' id='word_1_7' title='bbox 439 596 546 643; x_wconf 90' lang='lat' dir='ltr'><strong>mente</strong></span> <span class='ocrx_word' id='word_1_8' title='bbox 560 580 700 669; x_wconf 84' lang='lat' dir='ltr'><strong>pericula</strong></span> <span class='ocrx_word' id='word_1_9' title='bbox 715 598 829 647; x_wconf 87' lang='lat' dir='ltr'><strong>cuneta</strong></span> <span class='ocrx_word' id='word_1_10' title='bbox 843 581 1001 663; x_wconf 83' lang='lat' dir='ltr'><strong>volutans,</strong></span> <span class='ocrx_word' id='word_1_11' title='bbox 1014 566 1018 575; x_wconf 46' lang='grc'>’</span> 
     </span>
     <span class='ocr_line' id='line_1_3' title="bbox 223 685 940 776; baseline 0.004 -28"><span class='ocrx_word' id='word_1_12' title='bbox 223 687 274 750; x_wconf 92' lang='lat' dir='ltr'><strong>Ire</strong></span> <span class='ocrx_word' id='word_1_13' title='bbox 288 686 376 750; x_wconf 89' lang='lat' dir='ltr'><strong>volet</strong></span> <span class='ocrx_word' id='word_1_14' title='bbox 389 685 514 751; x_wconf 87' lang='lat' dir='ltr'><strong>miseris</strong></span> <span class='ocrx_word' id='word_1_15' title='bbox 528 685 609 751; x_wconf 90' lang='lat' dir='ltr'><strong>Italo</strong></span> <span class='ocrx_word' id='word_1_16' title='bbox 623 686 665 753; x_wconf 83' lang='lat' dir='ltr'><strong>de</strong></span> <span class='ocrx_word' id='word_1_17' title='bbox 677 686 773 753; x_wconf 88' lang='lat' dir='ltr'><strong>litore</strong></span> <span class='ocrx_word' id='word_1_18' title='bbox 788 709 940 776; x_wconf 82' lang='lat' dir='ltr'><strong>maguum</strong></span> 
     </span>
     <span class='ocr_line' id='line_1_4' title="bbox 226 791 1115 882; baseline 0.001 -27"><span class='ocrx_word' id='word_1_19' title='bbox 226 792 381 856; x_wconf 77' lang='lat' dir='ltr'>Ultorem.</span> <span class='ocrx_word' id='word_1_20' title='bbox 399 791 460 855; x_wconf 92' lang='lat' dir='ltr'><strong>Hic</strong></span> <span class='ocrx_word' id='word_1_21' title='bbox 478 807 649 880; x_wconf 83' lang='lat' dir='ltr'><strong>postquam</strong></span> <span class='ocrx_word' id='word_1_22' title='bbox 663 792 762 882; x_wconf 84' lang='lat' dir='ltr'><strong>Syriae</strong></span> <span class='ocrx_word' id='word_1_23' title='bbox 778 791 877 857; x_wconf 88' lang='lat' dir='ltr'><strong>maria</strong></span> <span class='ocrx_word' id='word_1_24' title='bbox 891 792 955 857; x_wconf 88' lang='lat' dir='ltr'><strong>alta</strong></span> <span class='ocrx_word' id='word_1_25' title='bbox 970 793 1115 882; x_wconf 81' lang='lat' dir='ltr'><strong>superbae</strong></span> 
     </span>
     <span class='ocr_line' id='line_1_5' title="bbox 226 889 941 985; baseline 0.006 -26"><span class='ocrx_word' id='word_1_26' title='bbox 226 896 371 978; x_wconf 46' lang='lat' dir='ltr'><strong>Veneritg</strong></span> <span class='ocrx_word' id='word_1_27' title='bbox 387 897 484 985; x_wconf 88' lang='lat' dir='ltr'><strong>inque</strong></span> <span class='ocrx_word' id='word_1_28' title='bbox 497 921 555 962; x_wconf 85' lang='lat' dir='ltr'><strong>sua</strong></span> <span class='ocrx_word' id='word_1_29' title='bbox 570 899 735 964; x_wconf 80' lang='lat' dir='ltr'><strong>Phoenices</strong></span> <span class='ocrx_word' id='word_1_30' title='bbox 749 899 858 963; x_wconf 90' lang='lat' dir='ltr'><strong>vicerit</strong></span> <span class='ocrx_word' id='word_1_31' title='bbox 873 889 941 978; x_wconf 83' lang='lat' dir='ltr'><strong>ora,</strong></span> 
     </span>
     <span class='ocr_line' id='line_1_6' title="bbox 227 1001 990 1092; baseline 0.005 -26"><span class='ocrx_word' id='word_1_32' title='bbox 227 1005 398 1092; x_wconf 84' lang='lat' dir='ltr'><strong>imponens</strong></span> <span class='ocrx_word' id='word_1_33' title='bbox 410 1001 495 1067; x_wconf 89' lang='lat' dir='ltr'><strong>bello</strong></span> <span class='ocrx_word' id='word_1_34' title='bbox 508 1005 604 1070; x_wconf 88' lang='lat' dir='ltr'><strong>finem</strong></span> <span class='ocrx_word' id='word_1_35' title='bbox 619 1022 650 1070; x_wconf 89' lang='lat' dir='ltr'><strong>et</strong></span> <span class='ocrx_word' id='word_1_36' title='bbox 663 1005 865 1070; x_wconf 86' lang='lat' dir='ltr'><strong>discordibus</strong></span> <span class='ocrx_word' id='word_1_37' title='bbox 881 1005 990 1081; x_wconf 76' lang='lat' dir='ltr'><strong>armis,</strong></span> 
     </span>
    </p>

    <p class='ocr_par' dir='ltr' id='par_1_3' title="bbox 140 1109 1135 1199">
     <span class='ocr_line' id='line_1_7' title="bbox 140 1109 1135 1199; baseline 0.001 -25"><span class='ocrx_word' id='word_1_38' title='bbox 140 1110 202 1195; x_wconf 82' lang='lat'><strong>295</strong></span> <span class='ocrx_word' id='word_1_39' title='bbox 227 1110 311 1173; x_wconf 84' lang='lat' dir='ltr'><strong>Tum</strong></span> <span class='ocrx_word' id='word_1_40' title='bbox 324 1110 487 1196; x_wconf 82' lang='lat' dir='ltr'><strong>geminum</strong></span> <span class='ocrx_word' id='word_1_41' title='bbox 499 1109 533 1174; x_wconf 91' lang='lat' dir='ltr'><strong>in</strong></span> <span class='ocrx_word' id='word_1_42' title='bbox 547 1110 642 1175; x_wconf 86' lang='lat' dir='ltr'><strong>terris</strong></span> <span class='ocrx_word' id='word_1_43' title='bbox 653 1133 787 1199; x_wconf 80' lang='lat' dir='ltr'><strong>regnum</strong></span> <span class='ocrx_word' id='word_1_44' title='bbox 799 1135 855 1174; x_wconf 81' lang='lat' dir='ltr'><strong>rex</strong></span> <span class='ocrx_word' id='word_1_45' title='bbox 869 1134 951 1175; x_wconf 90' lang='lat' dir='ltr'><strong>unus</strong></span> <span class='ocrx_word' id='word_1_46' title='bbox 969 1110 1115 1175; x_wconf 87' lang='lat' dir='ltr'><strong>habebit.</strong></span> <span class='ocrx_word' id='word_1_47' title='bbox 1132 1111 1135 1121; x_wconf 84' lang='lat'>&#39;</span> 
     </span>
    </p>

    <p class='ocr_par' dir='ltr' id='par_1_4' title="bbox 270 1214 1097 1306">
     <span class='ocr_line' id='line_1_8' title="bbox 270 1214 1097 1306; baseline 0.005 -28"><span class='ocrx_word' id='word_1_48' title='bbox 270 1214 332 1279; x_wconf 88' lang='lat' dir='ltr'><strong>Sed</strong></span> <span class='ocrx_word' id='word_1_49' title='bbox 346 1215 418 1296; x_wconf 80' lang='lat' dir='ltr'><strong>tibi,</strong></span> <span class='ocrx_word' id='word_1_50' title='bbox 434 1216 638 1299; x_wconf 79' lang='lat' dir='ltr'><strong>Alexandria,</strong></span> <span class='ocrx_word' id='word_1_51' title='bbox 652 1218 772 1282; x_wconf 90' lang='lat' dir='ltr'><strong>malum</strong></span> <span class='ocrx_word' id='word_1_52' title='bbox 786 1215 959 1306; x_wconf 80' lang='lat' dir='ltr'><strong>praedieere</strong></span> <span class='ocrx_word' id='word_1_53' title='bbox 971 1214 1068 1282; x_wconf 85' lang='lat' dir='ltr'><strong>finem</strong></span> <span class='ocrx_word' id='word_1_54' title='bbox 1094 1219 1097 1223; x_wconf 65' lang='grc'>’</span> 
     </span>
    </p>

    <p class='ocr_par' dir='ltr' id='par_1_5' title="bbox 225 1322 1149 1617">
     <span class='ocr_line' id='line_1_9' title="bbox 225 1322 1149 1413; baseline 0.001 -27"><span class='ocrx_word' id='word_1_55' title='bbox 225 1323 366 1409; x_wconf 87' lang='lat' dir='ltr'><strong>Tempus</strong></span> <span class='ocrx_word' id='word_1_56' title='bbox 382 1322 483 1386; x_wconf 86' lang='lat' dir='ltr'><strong>adest.</strong></span> <span class='ocrx_word' id='word_1_57' title='bbox 499 1325 643 1410; x_wconf 86' lang='lat' dir='ltr'><strong>Longum</strong></span> <span class='ocrx_word' id='word_1_58' title='bbox 661 1324 820 1413; x_wconf 77' lang='lat' dir='ltr'><strong>AEgyptus</strong></span> <span class='ocrx_word' id='word_1_59' title='bbox 833 1340 944 1413; x_wconf 88' lang='lat' dir='ltr'><strong>pacata</strong></span> <span class='ocrx_word' id='word_1_60' title='bbox 959 1346 1019 1412; x_wconf 89' lang='lat' dir='ltr'><strong>per</strong></span> <span class='ocrx_word' id='word_1_61' title='bbox 1035 1346 1149 1404; x_wconf 78' lang='lat' dir='ltr'><strong>aevum,</strong></span> 
     </span>
     <span class='ocr_line' id='line_1_10' title="bbox 226 1429 949 1495; baseline 0.007 -5"><span class='ocrx_word' id='word_1_62' title='bbox 226 1429 381 1493; x_wconf 86' lang='lat' dir='ltr'><strong>Externas</strong></span> <span class='ocrx_word' id='word_1_63' title='bbox 394 1429 491 1493; x_wconf 90' lang='lat' dir='ltr'><strong>furias</strong></span> <span class='ocrx_word' id='word_1_64' title='bbox 505 1446 538 1493; x_wconf 86' lang='lat' dir='ltr'><strong>et</strong></span> <span class='ocrx_word' id='word_1_65' title='bbox 552 1431 689 1495; x_wconf 84' lang='lat' dir='ltr'><strong>barbara</strong></span> <span class='ocrx_word' id='word_1_66' title='bbox 704 1429 804 1494; x_wconf 83' lang='lat' dir='ltr'><strong>vincla</strong></span> <span class='ocrx_word' id='word_1_67' title='bbox 819 1429 949 1495; x_wconf 87' lang='lat' dir='ltr'><strong>subibit.</strong></span> 
     </span>
     <span class='ocr_line' id='line_1_11' title="bbox 227 1534 962 1617; baseline 0.003 -20"><span class='ocrx_word' id='word_1_68' title='bbox 227 1534 296 1598; x_wconf 83' lang='lat' dir='ltr'><strong>Fiet</strong></span> <span class='ocrx_word' id='word_1_69' title='bbox 309 1535 413 1600; x_wconf 91' lang='lat' dir='ltr'><strong>hiems</strong></span> <span class='ocrx_word' id='word_1_70' title='bbox 426 1551 527 1617; x_wconf 79' lang='lat' dir='ltr'><strong>aestas,</strong></span> <span class='ocrx_word' id='word_1_71' title='bbox 542 1560 602 1600; x_wconf 90' lang='lat' dir='ltr'><strong>uec</strong></span> <span class='ocrx_word' id='word_1_72' title='bbox 617 1553 711 1601; x_wconf 90' lang='lat' dir='ltr'><strong>eruut</strong></span> <span class='ocrx_word' id='word_1_73' title='bbox 729 1535 856 1600; x_wconf 88' lang='lat' dir='ltr'><strong>oracula</strong></span> <span class='ocrx_word' id='word_1_74' title='bbox 870 1558 962 1600; x_wconf 86' lang='lat' dir='ltr'><strong>vana.</strong></span> 
     </span>
    </p>

    <p class='ocr_par' dir='ltr' id='par_1_6' title="bbox 92 1638 1111 1943">
     <span class='ocr_line' id='line_1_12' title="bbox 92 1638 1111 1731; baseline 0 -26"><span class='ocrx_word' id='word_1_75' title='bbox 92 1638 95 1647; x_wconf 71' lang='grc'><em>’</em></span> <span class='ocrx_word' id='word_1_76' title='bbox 142 1641 206 1705; x_wconf 86' lang='lat'><strong>300</strong></span> <span class='ocrx_word' id='word_1_77' title='bbox 230 1641 312 1704; x_wconf 90' lang='lat' dir='ltr'><strong>Hinc</strong></span> <span class='ocrx_word' id='word_1_78' title='bbox 328 1643 368 1707; x_wconf 91' lang='lat' dir='ltr'><strong>ad</strong></span> <span class='ocrx_word' id='word_1_79' title='bbox 384 1641 578 1731; x_wconf 73' lang='lat' dir='ltr'><strong>Olympiacae</strong></span> <span class='ocrx_word' id='word_1_80' title='bbox 591 1641 718 1707; x_wconf 89' lang='lat' dir='ltr'><strong>venient</strong></span> <span class='ocrx_word' id='word_1_81' title='bbox 733 1666 832 1731; x_wconf 92' lang='lat' dir='ltr'><strong>quum</strong></span> <span class='ocrx_word' id='word_1_82' title='bbox 847 1641 977 1731; x_wconf 83' lang='lat' dir='ltr'><strong>praemia</strong></span> <span class='ocrx_word' id='word_1_83' title='bbox 997 1640 1111 1730; x_wconf 85' lang='lat' dir='ltr'><strong>palmae</strong></span> 
     </span>
     <span class='ocr_line' id='line_1_13' title="bbox 228 1747 1044 1837; baseline 0.001 -26"><span class='ocrx_word' id='word_1_84' title='bbox 228 1748 308 1811; x_wconf 88' lang='lat' dir='ltr'><strong>Tres</strong></span> <span class='ocrx_word' id='word_1_85' title='bbox 321 1748 424 1836; x_wconf 76' lang='lat' dir='ltr'><strong>pueri,</strong></span> <span class='ocrx_word' id='word_1_86' title='bbox 441 1747 586 1837; x_wconf 88' lang='lat' dir='ltr'><strong>quamvis</strong></span> <span class='ocrx_word' id='word_1_87' title='bbox 605 1765 757 1812; x_wconf 90' lang='lat' dir='ltr'><strong>moneant</strong></span> <span class='ocrx_word' id='word_1_88' title='bbox 770 1748 898 1813; x_wconf 90' lang='lat' dir='ltr'><strong>oracula</strong></span> <span class='ocrx_word' id='word_1_89' title='bbox 911 1747 1021 1812; x_wconf 92' lang='lat' dir='ltr'><strong>divum</strong></span> <span class='ocrx_word' id='word_1_90' title='bbox 1041 1769 1044 1777; x_wconf 77' lang='grc'>’</span> 
     </span>
     <span class='ocr_line' id='line_1_14' title="bbox 229 1852 1032 1943; baseline 0 -25"><span class='ocrx_word' id='word_1_91' title='bbox 229 1852 389 1943; x_wconf 78' lang='lat' dir='ltr'><strong>Sanguine</strong></span> <span class='ocrx_word' id='word_1_92' title='bbox 403 1853 618 1943; x_wconf 87' lang='lat' dir='ltr'><strong>quadrupedis</strong></span> <span class='ocrx_word' id='word_1_93' title='bbox 631 1853 732 1918; x_wconf 91' lang='lat' dir='ltr'><strong>teneri</strong></span> <span class='ocrx_word' id='word_1_94' title='bbox 748 1855 916 1918; x_wconf 79' lang='lat' dir='ltr'><strong>commissa</strong></span> <span class='ocrx_word' id='word_1_95' title='bbox 930 1853 1032 1943; x_wconf 78' lang='lat' dir='ltr'><strong>piare,</strong></span> 
     </span>
    </p>

    <p class='ocr_par' dir='ltr' id='par_1_7' title="bbox 229 1961 1089 2150">
     <span class='ocr_line' id='line_1_15' title="bbox 230 1961 1045 2050; baseline -0.001 -23"><span class='ocrx_word' id='word_1_96' title='bbox 230 1964 295 2027; x_wconf 89' lang='lat' dir='ltr'><strong>Ter</strong></span> <span class='ocrx_word' id='word_1_97' title='bbox 313 1962 404 2026; x_wconf 94' lang='lat' dir='ltr'><strong>dabit</strong></span> <span class='ocrx_word' id='word_1_98' title='bbox 415 1961 595 2050; x_wconf 87' lang='lat' dir='ltr'><strong>Altipotens</strong></span> <span class='ocrx_word' id='word_1_99' title='bbox 612 1977 767 2026; x_wconf 87' lang='lat' dir='ltr'><strong>concusso</strong></span> <span class='ocrx_word' id='word_1_100' title='bbox 780 1963 898 2025; x_wconf 88' lang='lat' dir='ltr'><strong>vertice</strong></span> <span class='ocrx_word' id='word_1_101' title='bbox 911 1979 1024 2028; x_wconf 91' lang='lat' dir='ltr'><strong>nutum</strong></span> <span class='ocrx_word' id='word_1_102' title='bbox 1038 1990 1045 2026; x_wconf 92' lang='lat'>:</span> 
     </span>
     <span class='ocr_line' id='line_1_16' title="bbox 229 2066 1089 2150; baseline -0.003 -16"><span class='ocrx_word' id='word_1_103' title='bbox 229 2069 293 2150; x_wconf 91' lang='lat' dir='ltr'><strong>Qui</strong></span> <span class='ocrx_word' id='word_1_104' title='bbox 311 2069 406 2135; x_wconf 90' lang='lat' dir='ltr'><strong>simul</strong></span> <span class='ocrx_word' id='word_1_105' title='bbox 421 2068 605 2133; x_wconf 86' lang='lat' dir='ltr'><strong>horrificam</strong></span> <span class='ocrx_word' id='word_1_106' title='bbox 625 2067 747 2133; x_wconf 90' lang='lat' dir='ltr'><strong>cunetis</strong></span> <span class='ocrx_word' id='word_1_107' title='bbox 764 2066 937 2132; x_wconf 88' lang='lat' dir='ltr'><strong>intenderit</strong></span> <span class='ocrx_word' id='word_1_108' title='bbox 952 2066 1089 2148; x_wconf 80' lang='lat' dir='ltr'><strong>hastam,</strong></span> 
     </span>
    </p>

    <p class='ocr_par' dir='ltr' id='par_1_8' title="bbox 141 2173 1120 2584">
     <span class='ocr_line' id='line_1_17' title="bbox 141 2173 1030 2265; baseline 0 -25"><span class='ocrx_word' id='word_1_109' title='bbox 141 2178 202 2241; x_wconf 85' lang='lat'><strong>305</strong></span> <span class='ocrx_word' id='word_1_110' title='bbox 228 2175 418 2240; x_wconf 88' lang='lat' dir='ltr'><strong>Barbaricus</strong></span> <span class='ocrx_word' id='word_1_111' title='bbox 432 2176 516 2264; x_wconf 84' lang='lat' dir='ltr'><strong>large</strong></span> <span class='ocrx_word' id='word_1_112' title='bbox 529 2173 607 2240; x_wconf 88' lang='lat' dir='ltr'><strong>lluet</strong></span> <span class='ocrx_word' id='word_1_113' title='bbox 620 2191 689 2240; x_wconf 90' lang='lat' dir='ltr'><strong>atro</strong></span> <span class='ocrx_word' id='word_1_114' title='bbox 701 2175 734 2239; x_wconf 91' lang='lat' dir='ltr'><strong>iu</strong></span> <span class='ocrx_word' id='word_1_115' title='bbox 749 2174 879 2265; x_wconf 90' lang='lat' dir='ltr'><strong>pulvere</strong></span> <span class='ocrx_word' id='word_1_116' title='bbox 893 2173 1030 2265; x_wconf 66' lang='lat' dir='ltr'><strong>sanguis</strong></span> 
     </span>
     <span class='ocr_line' id='line_1_18' title="bbox 234 2280 1120 2371; baseline -0.005 -23"><span class='ocrx_word' id='word_1_117' title='bbox 234 2283 372 2366; x_wconf 87' lang='lat' dir='ltr'><strong>Quando</strong></span> <span class='ocrx_word' id='word_1_118' title='bbox 388 2285 503 2347; x_wconf 89' lang='lat' dir='ltr'><strong>urbem</strong></span> <span class='ocrx_word' id='word_1_119' title='bbox 519 2282 669 2347; x_wconf 88' lang='lat' dir='ltr'><strong>miseram</strong></span> <span class='ocrx_word' id='word_1_120' title='bbox 682 2281 818 2347; x_wconf 87' lang='lat' dir='ltr'><strong>vastabit</strong></span> <span class='ocrx_word' id='word_1_121' title='bbox 832 2280 992 2371; x_wconf 85' lang='lat' dir='ltr'><strong>inhospita</strong></span> <span class='ocrx_word' id='word_1_122' title='bbox 1006 2281 1120 2346; x_wconf 84' lang='lat' dir='ltr'><strong>turba.¹</strong></span> 
     </span>
     <span class='ocr_line' id='line_1_19' title="bbox 235 2388 965 2479; baseline -0.001 -25"><span class='ocrx_word' id='word_1_123' title='bbox 235 2389 325 2454; x_wconf 83' lang='lat' dir='ltr'><strong>Felix</strong></span> <span class='ocrx_word' id='word_1_124' title='bbox 337 2389 392 2478; x_wconf 89' lang='lat' dir='ltr'><strong>qui</strong></span> <span class='ocrx_word' id='word_1_125' title='bbox 409 2389 473 2454; x_wconf 90' lang='lat' dir='ltr'><strong>vita</strong></span> <span class='ocrx_word' id='word_1_126' title='bbox 487 2405 562 2453; x_wconf 89' lang='lat' dir='ltr'><strong>tuuc</strong></span> <span class='ocrx_word' id='word_1_127' title='bbox 580 2388 679 2479; x_wconf 89' lang='lat' dir='ltr'><strong>etqui</strong></span> <span class='ocrx_word' id='word_1_128' title='bbox 695 2389 785 2479; x_wconf 89' lang='lat' dir='ltr'><strong>prole</strong></span> <span class='ocrx_word' id='word_1_129' title='bbox 798 2389 934 2453; x_wconf 83' lang='lat' dir='ltr'><strong>carebit!</strong></span> <span class='ocrx_word' id='word_1_130' title='bbox 962 2428 965 2433; x_wconf 94' lang='lat'>·</span> 
     </span>
     <span class='ocr_line' id='line_1_20' title="bbox 232 2493 989 2584; baseline -0.003 -25"><span class='ocrx_word' id='word_1_131' title='bbox 232 2496 304 2584; x_wconf 89' lang='lat' dir='ltr'><strong>lpse</strong></span> <span class='ocrx_word' id='word_1_132' title='bbox 320 2494 438 2559; x_wconf 90' lang='lat' dir='ltr'><strong>etenim</strong></span> <span class='ocrx_word' id='word_1_133' title='bbox 455 2511 522 2558; x_wconf 89' lang='lat' dir='ltr'><strong>tum</strong></span> <span class='ocrx_word' id='word_1_134' title='bbox 538 2494 617 2558; x_wconf 88' lang='lat' dir='ltr'><strong>colla</strong></span> <span class='ocrx_word' id='word_1_135' title='bbox 627 2495 707 2583; x_wconf 81' lang='lat' dir='ltr'><strong>jugo</strong></span> <span class='ocrx_word' id='word_1_136' title='bbox 723 2493 846 2558; x_wconf 89' lang='lat' dir='ltr'><strong>servilia</strong></span> <span class='ocrx_word' id='word_1_137' title='bbox 861 2493 989 2576; x_wconf 87' lang='lat' dir='ltr'><strong>subdet,</strong></span> 
     </span>
    </p>

    <p class='ocr_par' dir='ltr' id='par_1_9' title="bbox 234 2599 922 2690">
     <span class='ocr_line' id='line_1_21' title="bbox 234 2599 922 2690; baseline -0.001 -25"><span class='ocrx_word' id='word_1_138' title='bbox 234 2601 299 2684; x_wconf 90' lang='lat' dir='ltr'><strong>Qui</strong></span> <span class='ocrx_word' id='word_1_139' title='bbox 314 2600 469 2665; x_wconf 85' lang='lat' dir='ltr'><strong>libertatis</strong></span> <span class='ocrx_word' id='word_1_140' title='bbox 484 2600 588 2689; x_wconf 90' lang='lat' dir='ltr'><strong>specie</strong></span> <span class='ocrx_word' id='word_1_141' title='bbox 602 2599 761 2690; x_wconf 86' lang='lat' dir='ltr'><strong>gaudebat</strong></span> <span class='ocrx_word' id='word_1_142' title='bbox 775 2600 922 2682; x_wconf 85' lang='lat' dir='ltr'><strong>honesta,</strong></span> 
     </span>
    </p>

    <p class='ocr_par' dir='ltr' id='par_1_10' title="bbox 141 2708 1054 2904">
     <span class='ocr_line' id='line_1_22' title="bbox 141 2708 1054 2798; baseline -0.001 -24"><span class='ocrx_word' id='word_1_143' title='bbox 141 2709 208 2774; x_wconf 88' lang='lat'><strong>310</strong></span> <span class='ocrx_word' id='word_1_144' title='bbox 230 2709 333 2774; x_wconf 86' lang='lat' dir='ltr'><strong>Multa</strong></span> <span class='ocrx_word' id='word_1_145' title='bbox 347 2710 423 2773; x_wconf 91' lang='lat' dir='ltr'><strong>olim</strong></span> <span class='ocrx_word' id='word_1_146' title='bbox 437 2709 601 2798; x_wconf 72' lang='lat' dir='ltr'><strong>praeclara,</strong></span> <span class='ocrx_word' id='word_1_147' title='bbox 617 2709 698 2773; x_wconf 89' lang='lat' dir='ltr'><strong>nihil</strong></span> <span class='ocrx_word' id='word_1_148' title='bbox 710 2732 794 2773; x_wconf 90' lang='lat' dir='ltr'><strong>nuuc</strong></span> <span class='ocrx_word' id='word_1_149' title='bbox 805 2708 868 2773; x_wconf 87' lang='lat' dir='ltr'><strong>tale</strong></span> <span class='ocrx_word' id='word_1_150' title='bbox 884 2709 1031 2774; x_wconf 87' lang='lat' dir='ltr'><strong>volutans</strong></span> <span class='ocrx_word' id='word_1_151' title='bbox 1047 2736 1054 2773; x_wconf 77' lang='grc' dir='ltr'><strong><em>ε</em></strong></span> 
     </span>
     <span class='ocr_line' id='line_1_23' title="bbox 231 2816 998 2904; baseline 0.003 -22"><span class='ocrx_word' id='word_1_152' title='bbox 231 2819 368 2882; x_wconf 89' lang='lat' dir='ltr'><strong>Tantum</strong></span> <span class='ocrx_word' id='word_1_153' title='bbox 391 2816 508 2881; x_wconf 89' lang='lat' dir='ltr'><strong>servitii</strong></span> <span class='ocrx_word' id='word_1_154' title='bbox 526 2816 647 2883; x_wconf 85' lang='lat' dir='ltr'><strong>crebris</strong></span> <span class='ocrx_word' id='word_1_155' title='bbox 667 2819 727 2882; x_wconf 90' lang='lat' dir='ltr'><strong>sub</strong></span> <span class='ocrx_word' id='word_1_156' title='bbox 741 2816 869 2904; x_wconf 83' lang='lat' dir='ltr'><strong>regibus</strong></span> <span class='ocrx_word' id='word_1_157' title='bbox 884 2816 998 2884; x_wconf 88' lang='lat' dir='ltr'><strong>instat!</strong></span> 
     </span>
    </p>

    <p class='ocr_par' dir='ltr' id='par_1_11' title="bbox 231 2921 1200 3225">
     <span class='ocr_line' id='line_1_24' title="bbox 275 2921 1200 3012; baseline 0.004 -25"><span class='ocrx_word' id='word_1_158' title='bbox 275 2922 424 2987; x_wconf 88' lang='lat' dir='ltr'><strong>Protinus</strong></span> <span class='ocrx_word' id='word_1_159' title='bbox 436 2921 609 2987; x_wconf 89' lang='lat' dir='ltr'><strong>iufaustum</strong></span> <span class='ocrx_word' id='word_1_160' title='bbox 625 2922 813 3012; x_wconf 83' lang='lat' dir='ltr'><strong>[Scythicis]</strong></span> <span class='ocrx_word' id='word_1_161' title='bbox 830 2925 916 2988; x_wconf 89' lang='lat' dir='ltr'><strong>veuit</strong></span> <span class='ocrx_word' id='word_1_162' title='bbox 929 2946 1042 3011; x_wconf 87' lang='lat' dir='ltr'><strong>agmen</strong></span> <span class='ocrx_word' id='word_1_163' title='bbox 1059 2925 1100 2988; x_wconf 88' lang='lat' dir='ltr'><strong>ab</strong></span> <span class='ocrx_word' id='word_1_164' title='bbox 1116 2927 1200 2992; x_wconf 86' lang='lat' dir='ltr'><strong>oris:</strong></span> 
     </span>
     <span class='ocr_line' id='line_1_25' title="bbox 231 3026 1144 3116; baseline 0 -24"><span class='ocrx_word' id='word_1_165' title='bbox 231 3029 371 3092; x_wconf 86' lang='lat' dir='ltr'><strong>Barbara</strong></span> <span class='ocrx_word' id='word_1_166' title='bbox 383 3044 541 3092; x_wconf 87' lang='lat' dir='ltr'><strong>terrorem</strong></span> <span class='ocrx_word' id='word_1_167' title='bbox 555 3049 633 3115; x_wconf 85' lang='lat' dir='ltr'><strong>gens</strong></span> <span class='ocrx_word' id='word_1_168' title='bbox 648 3028 760 3092; x_wconf 82' lang='lat' dir='ltr'><strong>inferet</strong></span> <span class='ocrx_word' id='word_1_169' title='bbox 771 3026 836 3108; x_wconf 78' lang='lat' dir='ltr'><strong>illa,</strong></span> <span class='ocrx_word' id='word_1_170' title='bbox 850 3042 1013 3116; x_wconf 86' lang='lat' dir='ltr'><strong>novasque</strong></span> <span class='ocrx_word' id='word_1_171' title='bbox 1142 3042 1144 3047; x_wconf 87' lang='lat'>&#39;</span> 
     </span>
     <span class='ocr_line' id='line_1_26' title="bbox 232 3133 991 3225; baseline -0.004 -25"><span class='ocrx_word' id='word_1_172' title='bbox 232 3138 392 3200; x_wconf 83' lang='lat' dir='ltr'><strong>Arvorum</strong></span> <span class='ocrx_word' id='word_1_173' title='bbox 410 3150 531 3224; x_wconf 86' lang='lat' dir='ltr'><strong>segetes</strong></span> <span class='ocrx_word' id='word_1_174' title='bbox 543 3151 654 3198; x_wconf 89' lang='lat' dir='ltr'><strong>tenera</strong></span> <span class='ocrx_word' id='word_1_175' title='bbox 669 3135 818 3225; x_wconf 87' lang='lat' dir='ltr'><strong>depascet</strong></span> <span class='ocrx_word' id='word_1_176' title='bbox 830 3133 863 3197; x_wconf 90' lang='lat' dir='ltr'><strong>iu</strong></span> <span class='ocrx_word' id='word_1_177' title='bbox 877 3134 991 3198; x_wconf 88' lang='lat' dir='ltr'><strong>herba.</strong></span> 
     </span>
    </p>

    <p class='ocr_par' dir='ltr' id='par_1_12' title="bbox 146 3239 1090 3330">
     <span class='ocr_line' id='line_1_27' title="bbox 146 3239 1090 3330; baseline -0.005 -19"><span class='ocrx_word' id='word_1_178' title='bbox 146 3243 208 3311; x_wconf 82' lang='lat'><strong>315</strong></span> <span class='ocrx_word' id='word_1_179' title='bbox 232 3242 296 3308; x_wconf 90' lang='lat' dir='ltr'><strong>Sed</strong></span> <span class='ocrx_word' id='word_1_180' title='bbox 311 3243 397 3307; x_wconf 88' lang='lat' dir='ltr'><strong>Deus</strong></span> <span class='ocrx_word' id='word_1_181' title='bbox 411 3239 461 3306; x_wconf 88' lang='lat' dir='ltr'><strong>his</strong></span> <span class='ocrx_word' id='word_1_182' title='bbox 475 3239 643 3306; x_wconf 77' lang='lat' dir='ltr'><strong>malefacta</strong></span> <span class='ocrx_word' id='word_1_183' title='bbox 656 3241 738 3306; x_wconf 89' lang='lat' dir='ltr'><strong>mala</strong></span> <span class='ocrx_word' id='word_1_184' title='bbox 755 3239 903 3307; x_wconf 87' lang='lat' dir='ltr'><strong>mercede</strong></span> <span class='ocrx_word' id='word_1_185' title='bbox 917 3241 1090 3330; x_wconf 85' lang='lat' dir='ltr'><strong>rependet:</strong></span> 
     </span>
    </p>
   </div>
   <div class='ocr_carea' id='block_1_3' title="bbox 139 3489 1271 4617">
    <p class='ocr_par' dir='ltr' id='par_1_13' title="bbox 143 3489 1252 3789">
     <span class='ocr_line' id='line_1_28' title="bbox 178 3489 1252 3565; baseline 0.002 -16"><span class='ocrx_word' id='word_1_186' title='bbox 178 3502 236 3551; x_wconf 79' lang='lat' dir='ltr'><strong>30l.</strong></span> <span class='ocrx_word' id='word_1_187' title='bbox 250 3498 325 3549; x_wconf 85' lang='lat' dir='ltr'><strong>Codd.</strong></span> <span class='ocrx_word' id='word_1_188' title='bbox 334 3489 364 3549; x_wconf 76' lang='grc' dir='ltr'><strong>οὗ</strong></span> <span class='ocrx_word' id='word_1_189' title='bbox 373 3499 396 3562; x_wconf 84' lang='grc' dir='ltr'><strong>γ’</strong></span> <span class='ocrx_word' id='word_1_190' title='bbox 409 3495 447 3557; x_wconf 76' lang='grc' dir='ltr'><strong>ἄν,</strong></span> <span class='ocrx_word' id='word_1_191' title='bbox 463 3496 506 3547; x_wconf 92' lang='lat' dir='ltr'><strong>ubi</strong></span> <span class='ocrx_word' id='word_1_192' title='bbox 524 3514 569 3547; x_wconf 88' lang='lat' dir='ltr'><strong>uos</strong></span> <span class='ocrx_word' id='word_1_193' title='bbox 581 3492 633 3550; x_wconf 76' lang='grc' dir='ltr'><strong>εὖτ’</strong></span> <span class='ocrx_word' id='word_1_194' title='bbox 643 3497 681 3561; x_wconf 74' lang='grc' dir='ltr'><strong>ἄν,</strong></span> <span class='ocrx_word' id='word_1_195' title='bbox 717 3499 777 3558; x_wconf 81' lang='lat' dir='ltr'><strong>mul,</strong></span> <span class='ocrx_word' id='word_1_196' title='bbox 798 3499 839 3549; x_wconf 78' lang='lat' dir='ltr'><strong>sed</strong></span> <span class='ocrx_word' id='word_1_197' title='bbox 851 3499 956 3551; x_wconf 77' lang='lat' dir='ltr'><strong>vicissim</strong></span> <span class='ocrx_word' id='word_1_198' title='bbox 978 3497 1134 3565; x_wconf 76' lang='lat' dir='ltr'><strong>regnantibus</strong></span> <span class='ocrx_word' id='word_1_199' title='bbox 1150 3497 1252 3565; x_wconf 79' lang='lat' dir='ltr'><strong>[Roma-</strong></span> 
     </span>
     <span class='ocr_line' id='line_1_29' title="bbox 143 3571 1252 3641; baseline 0.001 -18"><span class='ocrx_word' id='word_1_200' title='bbox 143 3573 264 3641; x_wconf 85' lang='lat' dir='ltr'><strong>probabili</strong></span> <span class='ocrx_word' id='word_1_201' title='bbox 283 3573 383 3624; x_wconf 76' lang='lat' dir='ltr'><strong>fortasse</strong></span> <span class='ocrx_word' id='word_1_202' title='bbox 403 3575 552 3639; x_wconf 82' lang='lat' dir='ltr'><strong>conjectura,</strong></span> <span class='ocrx_word' id='word_1_203' title='bbox 575 3589 629 3638; x_wconf 79' lang='lat' dir='ltr'><strong>quae</strong></span> <span class='ocrx_word' id='word_1_204' title='bbox 646 3583 684 3623; x_wconf 89' lang='lat' dir='ltr'><strong>ta·</strong></span> <span class='ocrx_word' id='word_1_205' title='bbox 717 3572 754 3622; x_wconf 85' lang='lat' dir='ltr'><strong>nis</strong></span> <span class='ocrx_word' id='word_1_206' title='bbox 765 3573 876 3623; x_wconf 87' lang='lat' dir='ltr'><strong>videlicet</strong></span> <span class='ocrx_word' id='word_1_207' title='bbox 892 3572 1091 3640; x_wconf 74' lang='lat' dir='ltr'><strong>imperatoribus]</strong></span> <span class='ocrx_word' id='word_1_208' title='bbox 1105 3571 1252 3639; x_wconf 84' lang='lat' dir='ltr'><strong>patiendam.</strong></span> 
     </span>
     <span class='ocr_line' id='line_1_30' title="bbox 144 3647 887 3708; baseline -0.003 -9"><span class='ocrx_word' id='word_1_209' title='bbox 144 3666 200 3700; x_wconf 88' lang='lat' dir='ltr'><strong>men</strong></span> <span class='ocrx_word' id='word_1_210' title='bbox 217 3665 262 3699; x_wconf 89' lang='lat' dir='ltr'><strong>nec</strong></span> <span class='ocrx_word' id='word_1_211' title='bbox 275 3649 388 3698; x_wconf 88' lang='lat' dir='ltr'><strong>omuibus</strong></span> <span class='ocrx_word' id='word_1_212' title='bbox 403 3648 479 3699; x_wconf 85' lang='lat' dir='ltr'><strong>doctis</strong></span> <span class='ocrx_word' id='word_1_213' title='bbox 494 3648 619 3699; x_wconf 88' lang='lat' dir='ltr'><strong>necnobis</strong></span> <span class='ocrx_word' id='word_1_214' title='bbox 630 3664 682 3699; x_wconf 92' lang='lat' dir='ltr'><strong>oru-</strong></span> <span class='ocrx_word' id='word_1_215' title='bbox 718 3647 769 3698; x_wconf 87' lang='lat' dir='ltr'><strong>Cir.</strong></span> <span class='ocrx_word' id='word_1_216' title='bbox 783 3647 813 3708; x_wconf 87' lang='lat' dir='ltr'><strong>V,</strong></span> <span class='ocrx_word' id='word_1_217' title='bbox 831 3652 887 3699; x_wconf 94' lang='grc'><strong>111.</strong></span> 
     </span>
     <span class='ocr_line' id='line_1_31' title="bbox 144 3721 1229 3789; baseline 0.003 -15"><span class='ocrx_word' id='word_1_218' title='bbox 144 3724 203 3775; x_wconf 88' lang='lat' dir='ltr'><strong>uino</strong></span> <span class='ocrx_word' id='word_1_219' title='bbox 209 3722 324 3774; x_wconf 76' lang='lat' dir='ltr'><strong>satisfacit</strong></span> <span class='ocrx_word' id='word_1_220' title='bbox 334 3739 341 3774; x_wconf 75' lang='grc' dir='ltr'><strong>ι</strong></span> <span class='ocrx_word' id='word_1_221' title='bbox 353 3723 408 3774; x_wconf 79' lang='lat' dir='ltr'><strong>ride</strong></span> <span class='ocrx_word' id='word_1_222' title='bbox 417 3734 468 3775; x_wconf 87' lang='lat' dir='ltr'><strong>not.</strong></span> <span class='ocrx_word' id='word_1_223' title='bbox 751 3726 808 3774; x_wconf 78' lang='grc'><strong>312.</strong></span> <span class='ocrx_word' id='word_1_224' title='bbox 826 3723 874 3773; x_wconf 87' lang='lat' dir='ltr'><strong>Pro</strong></span> <span class='ocrx_word' id='word_1_225' title='bbox 888 3723 993 3774; x_wconf 76' lang='grc' dir='ltr'>Σικελῶν</span> <span class='ocrx_word' id='word_1_226' title='bbox 1002 3721 1089 3789; x_wconf 89' lang='lat' dir='ltr'><strong>quidni</strong></span> <span class='ocrx_word' id='word_1_227' title='bbox 1097 3725 1229 3777; x_wconf 71' lang='lat' dir='ltr'><strong>Exuliov?</strong></span> 
     </span>
    </p>

    <p class='ocr_par' dir='ltr' id='par_1_14' title="bbox 178 3797 1258 3869">
     <span class='ocr_line' id='line_1_32' title="bbox 178 3797 1258 3869; baseline 0.001 -19"><span class='ocrx_word' id='word_1_228' title='bbox 178 3803 237 3851; x_wconf 82' lang='grc'><strong>303.</strong></span> <span class='ocrx_word' id='word_1_229' title='bbox 255 3798 306 3849; x_wconf 81' lang='lat' dir='ltr'><strong>etr.</strong></span> <span class='ocrx_word' id='word_1_230' title='bbox 320 3800 369 3853; x_wconf 86' lang='lat' dir='ltr'><strong>tlt.</strong></span> <span class='ocrx_word' id='word_1_231' title='bbox 384 3803 446 3859; x_wconf 82' lang='lat' dir='ltr'><strong>ll8;</strong></span> <span class='ocrx_word' id='word_1_232' title='bbox 460 3797 506 3861; x_wconf 83' lang='lat' dir='ltr'><strong>Xl,</strong></span> <span class='ocrx_word' id='word_1_233' title='bbox 522 3803 561 3851; x_wconf 78' lang='grc'><strong>61.</strong></span> <span class='ocrx_word' id='word_1_234' title='bbox 751 3801 809 3850; x_wconf 84' lang='grc'><strong>313.</strong></span> <span class='ocrx_word' id='word_1_235' title='bbox 829 3797 905 3848; x_wconf 80' lang='lat' dir='ltr'><strong>codd.</strong></span> <span class='ocrx_word' id='word_1_236' title='bbox 924 3799 994 3848; x_wconf 77' lang='grc' dir='ltr'>πάλιν</span> <span class='ocrx_word' id='word_1_237' title='bbox 1013 3798 1136 3865; x_wconf 70' lang='grc' dir='ltr'>βάρῦαρος</span> <span class='ocrx_word' id='word_1_238' title='bbox 1154 3801 1258 3869; x_wconf 53' lang='lat' dir='ltr'><strong>ieelim</strong></span> 
     </span>
    </p>

    <p class='ocr_par' dir='ltr' id='par_1_15' title="bbox 139 3868 1270 4248">
     <span class='ocr_line' id='line_1_33' title="bbox 179 3868 1260 3949; baseline 0.002 -24"><span class='ocrx_word' id='word_1_239' title='bbox 179 3878 236 3925; x_wconf 83' lang='grc'><strong>303.</strong></span> <span class='ocrx_word' id='word_1_240' title='bbox 256 3874 332 3925; x_wconf 84' lang='lat' dir='ltr'><strong>Codd.</strong></span> <span class='ocrx_word' id='word_1_241' title='bbox 355 3871 381 3930; x_wconf 78' lang='grc' dir='ltr'><strong>ὃς</strong></span> <span class='ocrx_word' id='word_1_242' title='bbox 398 3875 465 3941; x_wconf 82' lang='grc' dir='ltr'><strong>πρίν,</strong></span> <span class='ocrx_word' id='word_1_243' title='bbox 484 3884 509 3925; x_wconf 86' lang='lat' dir='ltr'><strong>et</strong></span> <span class='ocrx_word' id='word_1_244' title='bbox 526 3874 552 3922; x_wconf 92' lang='lat' dir='ltr'><strong>iu</strong></span> <span class='ocrx_word' id='word_1_245' title='bbox 572 3874 636 3936; x_wconf 87' lang='lat' dir='ltr'><strong>sme,</strong></span> <span class='ocrx_word' id='word_1_246' title='bbox 651 3875 685 3932; x_wconf 74' lang='lat' dir='ltr'><strong>ele</strong></span> <span class='ocrx_word' id='word_1_247' title='bbox 718 3889 788 3923; x_wconf 85' lang='lat' dir='ltr'><strong>versu</strong></span> <span class='ocrx_word' id='word_1_248' title='bbox 799 3872 833 3923; x_wconf 84' lang='lat' dir='ltr'><strong>aie</strong></span> <span class='ocrx_word' id='word_1_249' title='bbox 845 3873 939 3923; x_wconf 90' lang='lat' dir='ltr'><strong>mutilo.</strong></span> <span class='ocrx_word' id='word_1_250' title='bbox 950 3874 978 3923; x_wconf 85' lang='lat' dir='ltr'><strong>Et</strong></span> <span class='ocrx_word' id='word_1_251' title='bbox 990 3882 1043 3940; x_wconf 89' lang='lat' dir='ltr'><strong>post</strong></span> <span class='ocrx_word' id='word_1_252' title='bbox 1055 3868 1260 3949; x_wconf 64' lang='lat' dir='ltr'><strong>ssdpssapoelaeile</strong></span> 
     </span>
     <span class='ocr_line' id='line_1_34' title="bbox 145 3932 1270 4019; baseline 0.003 -19"><span class='ocrx_word' id='word_1_253' title='bbox 145 3951 276 4017; x_wconf 70' lang='lat' dir='ltr'><strong>luovo&#39;toetc</strong></span> <span class='ocrx_word' id='word_1_254' title='bbox 293 3950 329 3999; x_wconf 88' lang='lat' dir='ltr'><strong>vel</strong></span> <span class='ocrx_word' id='word_1_255' title='bbox 349 3950 497 4014; x_wconf 78' lang='grc' dir='ltr'><strong>ἐμονώσεις,</strong></span> <span class='ocrx_word' id='word_1_256' title='bbox 514 3949 581 3999; x_wconf 88' lang='lat' dir='ltr'><strong>nullo</strong></span> <span class='ocrx_word' id='word_1_257' title='bbox 598 3965 683 4010; x_wconf 86' lang='lat' dir='ltr'><strong>seusu;</strong></span> <span class='ocrx_word' id='word_1_258' title='bbox 718 3949 824 4016; x_wconf 82' lang='lat' dir='ltr'><strong>suppleri</strong></span> <span class='ocrx_word' id='word_1_259' title='bbox 833 3956 912 4015; x_wconf 85' lang='lat' dir='ltr'><strong>potest</strong></span> <span class='ocrx_word' id='word_1_260' title='bbox 923 3947 1007 4014; x_wconf 77' lang='grc' dir='ltr'><strong>ὄχλοςτ</strong></span> <span class='ocrx_word' id='word_1_261' title='bbox 1019 3932 1270 4019; x_wconf 66' lang='grc' dir='ltr'><strong>1εά’πολυόοἱρὸιιρον“ι</strong></span> 
     </span>
     <span class='ocr_line' id='line_1_35' title="bbox 145 4016 1268 4090; baseline -0.004 -16"><span class='ocrx_word' id='word_1_262' title='bbox 145 4025 276 4075; x_wconf 76' lang='grc' dir='ltr'><strong>οοπ.Μειί.</strong></span> <span class='ocrx_word' id='word_1_263' title='bbox 297 4024 355 4086; x_wconf 81' lang='lat' dir='ltr'><strong>Quis</strong></span> <span class='ocrx_word' id='word_1_264' title='bbox 368 4034 448 4074; x_wconf 85' lang='lat' dir='ltr'><strong>autem</strong></span> <span class='ocrx_word' id='word_1_265' title='bbox 461 4024 502 4073; x_wconf 89' lang='lat' dir='ltr'><strong>ille</strong></span> <span class='ocrx_word' id='word_1_266' title='bbox 516 4040 581 4073; x_wconf 86' lang='lat' dir='ltr'><strong>mure</strong></span> <span class='ocrx_word' id='word_1_267' title='bbox 594 4024 685 4074; x_wconf 85' lang='lat' dir='ltr'><strong>servire</strong></span> <span class='ocrx_word' id='word_1_268' title='bbox 718 4023 786 4079; x_wconf 73' lang='grc' dir='ltr'><strong>ἔθνος</strong></span> <span class='ocrx_word' id='word_1_269' title='bbox 795 4023 890 4089; x_wconf 84' lang='lat' dir='ltr'><strong>scripsit</strong></span> <span class='ocrx_word' id='word_1_270' title='bbox 902 4016 961 4072; x_wconf 80' lang='lat' dir='ltr'><strong>alibi</strong></span> <span class='ocrx_word' id='word_1_271' title='bbox 972 4022 1073 4090; x_wconf 85' lang='lat' dir='ltr'><strong>Sibylla,</strong></span> <span class='ocrx_word' id='word_1_272' title='bbox 1087 4022 1204 4087; x_wconf 80' lang='lat'>111,520.</span> <span class='ocrx_word' id='word_1_273' title='bbox 1231 4016 1236 4023; x_wconf 77' lang='grc'><strong>’</strong></span> <span class='ocrx_word' id='word_1_274' title='bbox 1262 4060 1268 4069; x_wconf 94' lang='grc'><strong>.</strong></span> 
     </span>
     <span class='ocr_line' id='line_1_36' title="bbox 139 4097 1258 4165; baseline 0.003 -16"><span class='ocrx_word' id='word_1_275' title='bbox 139 4098 256 4165; x_wconf 85' lang='lat' dir='ltr'><strong>¹jubetur,</strong></span> <span class='ocrx_word' id='word_1_276' title='bbox 280 4101 338 4149; x_wconf 89' lang='lat' dir='ltr'><strong>olim</strong></span> <span class='ocrx_word' id='word_1_277' title='bbox 357 4098 476 4149; x_wconf 85' lang='lat' dir='ltr'><strong>libertatis</strong></span> <span class='ocrx_word' id='word_1_278' title='bbox 490 4099 622 4165; x_wconf 82' lang='lat' dir='ltr'><strong>impotens,</strong></span> <span class='ocrx_word' id='word_1_279' title='bbox 638 4098 684 4150; x_wconf 86' lang='lat' dir='ltr'><strong>uisi</strong></span> <span class='ocrx_word' id='word_1_280' title='bbox 752 4100 808 4149; x_wconf 78' lang='grc'><strong>311.</strong></span> <span class='ocrx_word' id='word_1_281' title='bbox 826 4097 903 4147; x_wconf 89' lang='lat' dir='ltr'><strong>Codd.</strong></span> <span class='ocrx_word' id='word_1_282' title='bbox 919 4100 978 4149; x_wconf 78' lang='grc' dir='ltr'><strong>ἐπὰν</strong></span> <span class='ocrx_word' id='word_1_283' title='bbox 996 4098 1093 4163; x_wconf 66' lang='lat' dir='ltr'><strong>adeost</strong></span> <span class='ocrx_word' id='word_1_284' title='bbox 1109 4115 1115 4150; x_wconf 92' lang='lat'><strong>:</strong></span> <span class='ocrx_word' id='word_1_285' title='bbox 1129 4115 1173 4149; x_wconf 85' lang='lat' dir='ltr'><strong>uos</strong></span> <span class='ocrx_word' id='word_1_286' title='bbox 1193 4117 1258 4152; x_wconf 88' lang='lat' dir='ltr'><strong>corr.</strong></span> 
     </span>
     <span class='ocr_line' id='line_1_37' title="bbox 146 4172 1260 4248; baseline 0.003 -25"><span class='ocrx_word' id='word_1_287' title='bbox 146 4175 249 4242; x_wconf 86' lang='lat' dir='ltr'><strong>populus</strong></span> <span class='ocrx_word' id='word_1_288' title='bbox 261 4174 312 4241; x_wconf 83' lang='lat' dir='ltr'><strong>ipse</strong></span> <span class='ocrx_word' id='word_1_289' title='bbox 324 4174 520 4225; x_wconf 79' lang='lat' dir='ltr'><strong>Alexandrinus?</strong></span> <span class='ocrx_word' id='word_1_290' title='bbox 718 4184 746 4224; x_wconf 89' lang='lat' dir='ltr'><strong>ut</strong></span> <span class='ocrx_word' id='word_1_291' title='bbox 760 4172 823 4222; x_wconf 87' lang='lat' dir='ltr'><strong>idem</strong></span> <span class='ocrx_word' id='word_1_292' title='bbox 836 4174 915 4223; x_wconf 86' lang='lat' dir='ltr'><strong>valeat</strong></span> <span class='ocrx_word' id='word_1_293' title='bbox 928 4175 1019 4238; x_wconf 81' lang='grc' dir='ltr'>φύσησι</span> <span class='ocrx_word' id='word_1_294' title='bbox 1032 4175 1097 4240; x_wconf 89' lang='lat' dir='ltr'><strong>quod</strong></span> <span class='ocrx_word' id='word_1_295' title='bbox 1110 4176 1169 4248; x_wconf 81' lang='grc' dir='ltr'><strong>φυῇ,</strong></span> <span class='ocrx_word' id='word_1_296' title='bbox 1184 4197 1196 4220; x_wconf 77' lang='lat' dir='ltr'><strong>a</strong></span> <span class='ocrx_word' id='word_1_297' title='bbox 1207 4192 1260 4226; x_wconf 73' lang='lat' dir='ltr'><strong>cte-</strong></span> 
     </span>
    </p>

    <p class='ocr_par' dir='ltr' id='par_1_16' title="bbox 145 4247 1271 4466">
     <span class='ocr_line' id='line_1_38' title="bbox 180 4247 1261 4314; baseline 0.001 -14"><span class='ocrx_word' id='word_1_298' title='bbox 180 4252 237 4300; x_wconf 83' lang='lat'>310.</span> <span class='ocrx_word' id='word_1_299' title='bbox 262 4249 337 4299; x_wconf 87' lang='lat' dir='ltr'><strong>Codd.</strong></span> <span class='ocrx_word' id='word_1_300' title='bbox 362 4251 495 4314; x_wconf 73' lang='grc' dir='ltr'>ἀοίδιμονε</span> <span class='ocrx_word' id='word_1_301' title='bbox 516 4266 579 4299; x_wconf 91' lang='lat' dir='ltr'><strong>corr.</strong></span> <span class='ocrx_word' id='word_1_302' title='bbox 604 4248 684 4302; x_wconf 72' lang='lat' dir='ltr'><strong>Mah:</strong></span> <span class='ocrx_word' id='word_1_303' title='bbox 718 4248 781 4298; x_wconf 88' lang='lat' dir='ltr'><strong>verit</strong></span> <span class='ocrx_word' id='word_1_304' title='bbox 797 4269 825 4307; x_wconf 76' lang='lat' dir='ltr'><strong>u,</strong></span> <span class='ocrx_word' id='word_1_305' title='bbox 849 4247 929 4298; x_wconf 85' lang='lat' dir='ltr'><strong>miuus</strong></span> <span class='ocrx_word' id='word_1_306' title='bbox 955 4249 1012 4298; x_wconf 92' lang='lat' dir='ltr'><strong>licet</strong></span> <span class='ocrx_word' id='word_1_307' title='bbox 1041 4249 1203 4314; x_wconf 80' lang='lat' dir='ltr'><strong>grammatice.</strong></span> <span class='ocrx_word' id='word_1_308' title='bbox 1230 4250 1261 4302; x_wconf 88' lang='lat' dir='ltr'><strong>lu</strong></span> 
     </span>
     <span class='ocr_line' id='line_1_39' title="bbox 145 4317 1271 4397; baseline 0.004 -25"><span class='ocrx_word' id='word_1_309' title='bbox 145 4323 187 4373; x_wconf 85' lang='lat' dir='ltr'><strong>sed</strong></span> <span class='ocrx_word' id='word_1_310' title='bbox 205 4324 320 4374; x_wconf 78' lang='lat' dir='ltr'><strong>vellemus</strong></span> <span class='ocrx_word' id='word_1_311' title='bbox 333 4341 378 4391; x_wconf 85' lang='lat' dir='ltr'><strong>pro</strong></span> <span class='ocrx_word' id='word_1_312' title='bbox 393 4317 466 4382; x_wconf 76' lang='grc' dir='ltr'>οὗτος</span> <span class='ocrx_word' id='word_1_313' title='bbox 478 4323 578 4374; x_wconf 86' lang='lat' dir='ltr'><strong>rescribi</strong></span> <span class='ocrx_word' id='word_1_314' title='bbox 593 4325 685 4386; x_wconf 72' lang='grc' dir='ltr'><strong>οὐκέθ’,</strong></span> <span class='ocrx_word' id='word_1_315' title='bbox 719 4325 776 4385; x_wconf 88' lang='lat' dir='ltr'><strong>line,</strong></span> <span class='ocrx_word' id='word_1_316' title='bbox 789 4323 858 4373; x_wconf 84' lang='lat' dir='ltr'><strong>codd.</strong></span> <span class='ocrx_word' id='word_1_317' title='bbox 871 4323 978 4390; x_wconf 81' lang='grc' dir='ltr'>ἀρούρας</span> <span class='ocrx_word' id='word_1_318' title='bbox 986 4361 994 4386; x_wconf 92' lang='grc'><strong>,</strong></span> <span class='ocrx_word' id='word_1_319' title='bbox 1006 4341 1050 4391; x_wconf 86' lang='lat' dir='ltr'><strong>pro</strong></span> <span class='ocrx_word' id='word_1_320' title='bbox 1063 4341 1113 4389; x_wconf 93' lang='lat' dir='ltr'><strong>quo</strong></span> <span class='ocrx_word' id='word_1_321' title='bbox 1128 4341 1171 4375; x_wconf 82' lang='lat' dir='ltr'><strong>uos</strong></span> <span class='ocrx_word' id='word_1_322' title='bbox 1182 4325 1271 4397; x_wconf 21' lang='lat' dir='ltr'><strong>&amp;pot-¹</strong></span> 
     </span>
     <span class='ocr_line' id='line_1_40' title="bbox 147 4399 978 4466; baseline 0.002 -19"><span class='ocrx_word' id='word_1_323' title='bbox 147 4400 213 4450; x_wconf 88' lang='lat' dir='ltr'><strong>unde</strong></span> <span class='ocrx_word' id='word_1_324' title='bbox 223 4399 338 4465; x_wconf 84' lang='lat' dir='ltr'><strong>transitus</strong></span> <span class='ocrx_word' id='word_1_325' title='bbox 352 4400 394 4451; x_wconf 81' lang='lat' dir='ltr'><strong>frat</strong></span> <span class='ocrx_word' id='word_1_326' title='bbox 407 4400 437 4450; x_wconf 86' lang='lat' dir='ltr'><strong>ad</strong></span> <span class='ocrx_word' id='word_1_327' title='bbox 450 4416 545 4450; x_wconf 87' lang='lat' dir='ltr'><strong>versum</strong></span> <span class='ocrx_word' id='word_1_328' title='bbox 558 4416 596 4465; x_wconf 88' lang='lat' dir='ltr'><strong>sq.</strong></span> <span class='ocrx_word' id='word_1_329' title='bbox 720 4417 773 4466; x_wconf 80' lang='grc' dir='ltr'><strong>ρης,</strong></span> <span class='ocrx_word' id='word_1_330' title='bbox 788 4399 890 4448; x_wconf 88' lang='lat' dir='ltr'><strong>clariore</strong></span> <span class='ocrx_word' id='word_1_331' title='bbox 899 4414 978 4449; x_wconf 87' lang='lat' dir='ltr'><strong>seusu.</strong></span> 
     </span>
    </p>

    <p class='ocr_par' dir='ltr' id='par_1_17' title="bbox 146 4471 1261 4617">
     <span class='ocr_line' id='line_1_41' title="bbox 180 4471 1261 4542; baseline 0.005 -19"><span class='ocrx_word' id='word_1_332' title='bbox 180 4475 239 4525; x_wconf 89' lang='grc'><strong>311.</strong></span> <span class='ocrx_word' id='word_1_333' title='bbox 254 4476 408 4535; x_wconf 70' lang='lat' dir='ltr'><strong>Aoul&#39;oedvm</strong></span> <span class='ocrx_word' id='word_1_334' title='bbox 417 4475 550 4542; x_wconf 78' lang='grc' dir='ltr'>πολύεδρον</span> <span class='ocrx_word' id='word_1_335' title='bbox 563 4475 686 4536; x_wconf 78' lang='grc' dir='ltr'><strong>ἀνάκτων,</strong></span> <span class='ocrx_word' id='word_1_336' title='bbox 755 4479 812 4526; x_wconf 83' lang='grc'><strong>315.</strong></span> <span class='ocrx_word' id='word_1_337' title='bbox 831 4474 908 4525; x_wconf 82' lang='lat' dir='ltr'><strong>Codd.</strong></span> <span class='ocrx_word' id='word_1_338' title='bbox 930 4471 983 4525; x_wconf 77' lang='grc' dir='ltr'><strong>ἀντ’</strong></span> <span class='ocrx_word' id='word_1_339' title='bbox 999 4473 1112 4540; x_wconf 65' lang='lat' dir='ltr'><strong>dvalai:</strong></span> <span class='ocrx_word' id='word_1_340' title='bbox 1132 4491 1176 4527; x_wconf 82' lang='lat' dir='ltr'><strong>uos</strong></span> <span class='ocrx_word' id='word_1_341' title='bbox 1195 4492 1261 4528; x_wconf 75' lang='lat' dir='ltr'><strong>cort.</strong></span> 
     </span>
     <span class='ocr_line' id='line_1_42' title="bbox 146 4548 985 4617; baseline 0.001 -19"><span class='ocrx_word' id='word_1_342' title='bbox 146 4549 287 4600; x_wconf 86' lang='lat' dir='ltr'><strong>servitutem</strong></span> <span class='ocrx_word' id='word_1_343' title='bbox 304 4549 409 4617; x_wconf 75' lang='lat' dir='ltr'><strong>intellige</strong></span> <span class='ocrx_word' id='word_1_344' title='bbox 427 4549 472 4602; x_wconf 88' lang='lat' dir='ltr'><strong>snb</strong></span> <span class='ocrx_word' id='word_1_345' title='bbox 488 4550 570 4602; x_wconf 83' lang='lat' dir='ltr'><strong>multis</strong></span> <span class='ocrx_word' id='word_1_346' title='bbox 585 4567 635 4601; x_wconf 89' lang='lat' dir='ltr'><strong>non</strong></span> <span class='ocrx_word' id='word_1_347' title='bbox 655 4550 687 4601; x_wconf 86' lang='lat' dir='ltr'><strong>si·</strong></span> <span class='ocrx_word' id='word_1_348' title='bbox 721 4567 750 4601; x_wconf 84' lang='lat' dir='ltr'><strong>ex</strong></span> <span class='ocrx_word' id='word_1_349' title='bbox 764 4548 827 4600; x_wconf 87' lang='lat' dir='ltr'><strong>libro</strong></span> <span class='ocrx_word' id='word_1_350' title='bbox 841 4548 910 4609; x_wconf 84' lang='lat' dir='ltr'><strong>Vlll,</strong></span> <span class='ocrx_word' id='word_1_351' title='bbox 927 4552 985 4601; x_wconf 82' lang='lat' dir='ltr'><strong>tto.</strong></span> 
     </span>
    </p>
   </div>
   <div class='ocr_carea' id='block_1_4' title="bbox 1087 4646 1126 4705">
    <p class='ocr_par' dir='ltr' id='par_1_18' title="bbox 1087 4646 1126 4705">
     <span class='ocr_line' id='line_1_43' title="bbox 1087 4646 1126 4705; baseline 0 0"><span class='ocrx_word' id='word_1_352' title='bbox 1087 4646 1126 4705; x_wconf 74' lang='lat'><strong>22</strong></span> 
     </span>
    </p>
   </div>
   <div class='ocr_carea' id='block_1_5' title="bbox 0 0 1607 5310">
    <p class='ocr_par' dir='ltr' id='par_1_19' title="bbox 0 0 1607 5310">
     <span class='ocr_line' id='line_1_44' title="bbox 0 0 1607 5310; baseline 0 0"><span class='ocrx_word' id='word_1_353' title='bbox 0 0 1607 5310; x_wconf 95' lang='lat' dir='ltr'><strong> </strong></span> 
     </span>
    </p>
   </div>
  </div>
 </body>
</html>
