3186 5310
312 398 354 459 80
644 399 903 462 ΣΙΒΥΛΛΙΑΙΙΩΝ
923 400 1051 464 ΛΟΓΟΣ
1072 399 1108 463 Γ.

368 542 463 611 Μετὰ
480 539 557 613 τάδε
573 542 778 640 προόαίνουοα
793 557 856 626 τοῖς
872 549 975 643 λόγοις
997 547 1067 641 περὶ
1088 556 1144 615 τοῦ
1164 548 1342 626 ἀπατεῶνες
1362 540 1437 616 δαί-

316 677 406 742 μονος
425 663 481 722 τοῦ
496 643 700 748 Ᾰντιχρίστου
719 655 808 749 φησὶν
827 647 889 722 ὧδέ
907 683 968 730 πει·

475 820 523 902 Ex
540 826 576 902 δὲ
589 830 789 908 Σεάαστηνῶν
808 830 872 915 ήξει
890 836 1000 929 Βελίαρ
1019 836 1216 929 μετόπισθεν,

423 941 486 1008 Καὶ
501 946 607 1017 στήσει
621 944 711 1036 ὀρέων
733 939 824 1032 ὕψος,
846 950 948 1021 στήσει
968 936 1003 1011 δὲ
1026 945 1194 1026 θαλασσαν,

344 1047 387 1114 65
425 1035 534 1118 Helio
554 1050 706 1143 πυρόεντα
727 1051 838 1145 μέγαν,
858 1051 1006 1145 λαμπράν
1026 1077 1062 1118 τε
1082 1055 1223 1135 σελήνην,

426 1158 489 1223 Καὶ
510 1160 615 1235 νέκυας
630 1162 749 1238 στήσει,
769 1157 822 1224 καὶ
835 1162 961 1251 σήματα
980 1155 1080 1227 πολλὰ
1100 1161 1220 1234 ποιήσει

428 1255 623 1358 Ᾱνθρώποις·
643 1265 710 1331 ἀλλ’
728 1264 796 1358 οὐχὶ
814 1267 984 1361 τελεσφόρα
1000 1267 1101 1333 ἔσσετ’
1120 1271 1149 1334 ἐν
1171 1271 1271 1352 αὐτῷ,

426 1361 514 1439 Ᾰλλά
527 1374 646 1440 πλάναι·
669 1372 720 1439 καὶ
736 1364 776 1447 δή
792 1374 927 1465 μέροπας
944 1375 1076 1450 πολλοῦς
1092 1399 1126 1440 τε
1142 1379 1301 1456 πλανήσει,

425 1482 559 1557 Πιστοός
574 1483 601 1548 τ’
617 1482 779 1558 ἐκλεκτούς
794 1479 818 1546 θ’
832 1466 997 1571 Βῦραίους,
1015 1480 1146 1571 ἀνόμους
1160 1506 1193 1547 τε
1212 1480 1264 1548 καὶ
1278 1476 1390 1560 ἀλλους

344 1609 387 1675 70
425 1575 556 1679 Ᾰνέρας,
576 1589 680 1665 οἵτινες
699 1587 805 1654 οὔποθ’
825 1590 903 1666 ὅλως
925 1591 1003 1656 Θεοῦ
1022 1587 1210 1664 εἰσήκουσαν.

423 1683 502 1762 ἀλλ’
520 1695 638 1762 ὁπόταν
654 1694 798 1787 μεγάλοιο
814 1698 892 1762 Θεοῦ
916 1695 1089 1764 πελάσωσιν
1109 1695 1246 1779 ἀπειλαὶ,

427 1803 490 1869 Καὶ
505 1792 632 1893 δύναμις
648 1806 821 1894 φλογέουσα
835 1792 877 1866 δι’
895 1793 1048 1895 οἴδματος
1069 1801 1108 1880 εἰς
1127 1810 1216 1897 γαῖαν
1234 1796 1311 1884 ἥξει,

425 1910 488 1978 Καὶ
503 1909 613 2000 Βελίαρ
628 1901 728 1999 φλέξει
742 1907 794 1975 καὶ
808 1909 1010 2002 ὑπερφιάλους
1026 1909 1200 2004 ἀνθρώπους

425 2016 568 2099 Πάντας,
586 2019 652 2082 ὅσοι
671 2017 774 2104 τούτῳ
794 2016 897 2084 πίστιν
917 2020 1144 2095 ἐνεποιήσαντο.

345 2121 387 2213 75
476 2125 538 2193 Καὶ
554 2124 629 2192 τότε
643 2114 683 2196 δὴ
703 2123 817 2215 κόσμος
834 2125 893 2191 ὑπὸ
909 2134 977 2205 ταῖς
996 2124 1158 2219 παλάμῃσι
1172 2124 1313 2216 γυναικὸς

424 2213 558 2299 Βσσεται
577 2230 743 2322 ἀρχόμενος
762 2229 815 2298 καὶ
827 2232 1002 2324 πειθόμενος
1015 2233 1083 2326 περὶ
1099 2230 1227 2309 παντός.

423 2321 495 2406 Βνθ
509 2338 627 2407 ὁπόταν
642 2339 759 2428 κόσμου
777 2339 891 2417 παντὸς
909 2343 988 2433 χήρη
1010 2341 1190 2432 βασιλεύσῃ,

424 2446 487 2513 Καὶ
509 2442 579 2539 ῥίψῃ
599 2446 710 2538 χρυσόν
726 2470 763 2512 τε
779 2444 831 2512 καὶ
853 2441 982 2541 ἄργυρον
1002 2445 1041 2526 εἰς
1059 2446 1123 2514 ἀλα
1141 2437 1225 2526 δῖαν,

425 2555 488 2621 Καὶ
504 2554 619 2648 χαλκόν
636 2578 669 2618 τε
683 2542 807 2645 σίδηρον
826 2551 992 2646 ἐφημερίων
1002 2554 1168 2645 ἀνθρώπων

348 2661 390 2728 80
428 2659 482 2740 Εἰς
501 2661 615 2727 πόντον
635 2655 719 2754 ῥίψῃ,
740 2658 811 2726 τότε
830 2650 870 2733 δή
888 2667 1026 2752 στοιχεῖα
1046 2660 1210 2752 πρόπαντα

428 2769 578 2862 Χήρειίσει
597 2766 727 2858 κόσμου,
746 2766 861 2833 όπόταν
880 2769 956 2845 Θεὸς
984 2767 1079 2860 αἰθέρι
1093 2768 1183 2834 ναίων

427 2873 566 2967 Οὐρανὸν
585 2872 702 2966 εἰλήσῃ,
715 2871 852 2966 καθάπερ
872 2868 990 2959 βιῦλίον
1011 2875 1156 2942 εἱλεῖται·

428 2983 491 3050 Καὶ
509 2985 636 3050 πάσεται
653 2982 853 3071 πολύμορφος
872 2982 942 3061 ὁλος
965 2982 1057 3059 πόλος
1073 2987 1100 3048 ἐν
1120 2981 1205 3074 χθονὶ
1225 2972 1278 3072 δίᾳ

429 3090 492 3157 Καὶ
512 3086 657 3183 πελάγει·
678 3089 773 3180 ρεῦσει
793 3078 828 3154 δὲ
848 3088 944 3181 πυρὸς
964 3095 1096 3181 μαλεροῦ
1114 3088 1309 3180 καταράκτας

348 3198 388 3265 85
426 3186 607 3292 Ᾰκάματος,
622 3188 722 3289 φλέξει
736 3184 756 3260 δ
760 3193 773 3260 Ι
788 3201 892 3288 γαῖαν,
909 3188 1009 3284 φλόξει
1029 3187 1063 3262 δὲ
1083 3196 1252 3284 θάλασσαν,

426 3303 489 3372 Καὶ
508 3305 601 3370 πόλον
623 3301 772 3398 οὐράνιον,
792 3300 843 3369 καὶ
857 3301 976 3394 ήματα,
995 3302 1047 3370 καὶ
1065 3301 1164 3379 κτίσεν
1185 3306 1277 3379 αὑτήν

425 3411 479 3492 Εἰς
496 3410 524 3479 ἓν
544 3410 687 3501 χωνεόσει
704 3409 756 3476 καὶ
773 3409 814 3488 εἰς
833 3411 964 3502 καθαρὸν
985 3403 1126 3488 διαλέξει.

424 3521 557 3590 Κοῦκέτι
572 3519 739 3610 φωοτήρων
761 3519 967 3609 σφαιρώματα
986 3519 1224 3613 καγχαλόωντα,

320 3725 349 3735 -
367 3699 409 3756 66,
429 3711 481 3761 sqq.
497 3689 664 3742 Antichristus
684 3690 754 3757 [non‚
769 3699 797 3740 ut
819 3690 844 3740 in
863 3691 949 3742 ceteris
963 3690 1097 3758 Sibyllinis,
1115 3689 1180 3740 llero
1200 3687 1332 3754 ιεόίνίνυο,
1353 3689 1395 3739 sod
1413 3699 1443 3742 ut

318 3785 424 3840 secundo
443 3782 518 3842 libro,
546 3779 664 3845 161,qu
685 3777 759 3829 Belial
780 3794 810 3826 ox
832 3776 931 3829 Sebaste
948 3778 997 3829 sive
1018 3779 1125 3844 Augusto
1141 3769 1204 3845 [quoe
1223 3779 1291 3846 prius
1304 3771 1442 3845 Βοιωτίη,

354 3937 395 3996 66,
416 3947 467 3997 sqq.
487 3927 562 3979 Totus
583 3925 623 3975 hic
645 3925 675 3973 de
698 3922 773 3973 Belial
794 3922 864 3973 Anli·
931 3927 971 3973 65.
992 3924 1027 3973 Ex
1045 3923 1158 3981 Hesiodo,
1174 3923 1265 3988 Theog.
1288 3926 1316 3974 16
1329 3923 1424 3973 ε1611.

319 4010 410 4061 christo
435 4007 501 4056 locus
521 4002 617 4052 videtin·
641 3999 700 4050 olim
725 4000 755 4049 ad
776 3998 865 4048 librum
932 4003 971 4048 66.
993 3999 1070 4049 Codd.
1093 4000 1172 4059 mole,
1190 3998 1250 4050 ἀλλα
1264 3999 1369 4067 πλανᾷε
1395 3996 1442 4048 cir.

319 4087 342 4138 ΙΙ
355 4082 497 4154 pertinuisse
510 4088 564 4146 posl
582 4095 605 4129 ν.
620 4080 676 4136 166,
691 4075 734 4124 uhi
756 4075 833 4123 serius
852 4089 866 4123 ε
898 4073 943 4133 ΙΙΙ,
957 4076 1014 4126 228.

320 4160 477 4228 compilatore
504 4156 616 4205 redactus
636 4152 710 4201 luerit
733 4150 759 4199 in
787 4166 864 4199 unum
932 4153 972 4199 69.
994 4150 1240 4211 611.11,169,115.

318 4252 430 4289 versum:
448 4233 502 4282 vide
514 4241 565 4281 not.
930 4229 970 4275 70.
991 4226 1067 4276 (lodd.
1080 4227 1188 4293 quidam,
1201 4224 1270 4276 οὔπω
1282 4224 1338 4280 θεοῦ
1347 4224 1420 4289 λόγον
1435 4241 1441 4275 z

352 4319 393 4365 66.
418 4311 457 4360 Pr.
487 4308 592 4362 Βελίαςι
621 4303 696 4355 celeri
726 4319 782 4351 vero
814 4300 864 4350 lero
895 4299 945 4362 alii,
968 4301 1054 4354 οὔποθ’
1068 4305 1131 4359 ὅλως
1151 4305 1171 4352 θ.
1187 4303 1260 4366 λόγον
1279 4301 1317 4351 vel
1347 4301 1443 4364 λόγουι

317 4405 409 4446 omnes,
423 4386 519 4451 Βελίαρ,
534 4399 587 4448 quoe
599 4388 713 4430 consueta
727 4387 763 4427 est
777 4376 865 4426 Groecis
896 4393 940 4425 nos
952 4393 1016 4426 corr.

318 4461 510 4529 orthogiophia‚
534 4455 643 4524 quamvis
662 4454 753 4504 Paulus
774 4453 810 4512 ll,
834 4452 865 4502 ad
931 4455 970 4501 11.
990 4453 1041 4503 Clr.
1054 4451 1128 4512 inira,
1145 4458 1185 4503 61.

316 4544 372 4595 Gor.
387 4554 441 4604 up.
459 4542 484 4593 6,
499 4535 586 4586 Βιλίαλ
598 4530 696 4581 scribat.
932 4530 971 4578 72.
990 4527 1092 4579 Volebat
1106 4527 1187 4578 Strui.
1204 4527 1352 4608 ρλογόρσσα.

192 4870 427 4992 Α
