3186 5310
204 401 244 464 58
528 400 790 463 ΣΙΒΥΛΛΙΑΚΩΝ
811 398 991 462 ΛΟΓΟΣἬ.

297 543 380 626 ’Ήάς
395 549 464 642 όρος
482 548 546 616 ὲστὶ
569 539 699 633 δίκαιος,
721 544 889 643 ὑπερόοισίη
910 540 940 616 δ’
957 548 1107 641 ἀλεγεινά.

313 657 432 732 Κτῆσις
446 656 588 749 ὀνησιμός
602 657 661 725 ἐσθ’
675 655 777 744 όσίων,
796 648 910 725 άδίκων
925 647 961 722 δὲ
975 652 1103 743 πονηρά.

313 753 406 834 Μηδὲ
420 767 476 828 τιν’
495 759 657 854 αὐξόμενον
674 757 803 857 λωόησρ
821 765 938 857 καρπὸν
962 763 1112 856 άροόρης.

311 848 510 939 δστωσανδ
525 871 671 963 ὁμότιμοι
689 862 840 950 ὲπηλυδες
858 873 887 936 ὲν
906 876 1090 948 πολιήταις·

132 1047 141 1066 γ
192 963 194 966 V
212 975 272 1042 105
316 975 438 1055 Πάντες
454 975 512 1073 γὰρ
529 971 623 1056 ξενίης
640 981 875 1070 περιρησσονται
892 975 1104 1069 πολυμόχθου,

313 1069 358 1161 Ως
378 1077 456 1161 ξένοι
475 1085 633 1161 ἀλλήλων·
655 1078 753 1162 ξεῖνος
765 1072 801 1152 δέ
817 1110 853 1180 γε
872 1085 956 1164 οότις
974 1087 1004 1151 ὲν
1021 1088 1091 1176 ὑμῖν

313 1173 438 1275 θσσετζ
455 1190 519 1259 ὲιτεὶ
531 1191 644 1270 πάντες
660 1190 765 1284 βροτοὶ
778 1193 909 1285 αἵματος
923 1184 955 1270 ἐξ
969 1191 1033 1270 ὲνός
1048 1192 1134 1274 ὲστε,

313 1301 409 1389 Χώρη
430 1289 458 1364 δ’
478 1300 545 1367 οὔτι
567 1292 690 1385 βόόαιον
710 1300 772 1392 ἔχει
791 1299 888 1394 τόπον
907 1298 1121 1393 ἀνθρώποισιν.

312 1397 404 1479 Μηδὲ
418 1407 506 1500 θελης
520 1413 677 1494 πλουτεῖν,
696 1397 772 1492 μηδ’
789 1407 899 1499 εὔχου·
922 1404 1003 1474 ἀλλὰ
1015 1396 1085 1474 τόδ’
1101 1407 1206 1496 εὔχου,

210 1532 276 1578 110
312 1518 372 1585 Ζῆν
386 1513 449 1580 άπὸ
470 1521 531 1581 τῶν
551 1512 675 1608 ὀλίγων,
699 1503 819 1597 [άδικον
839 1503 876 1580 δέ
891 1524 924 1582 τε
943 1504 1042 1616 μηδὲν
1056 1506 1194 1604 ἴχοντοι].

315 1603 608 1714 Ιὲφιλοχρημοσόνη
629 1622 731 1713 μάτηρ
752 1622 927 1700 κακότητος
949 1617 1084 1699 ἁπάσης.
1183 1687 1187 1694 ,

315 1726 370 1800 Μὴ
385 1726 480 1805 πόθος
496 1726 535 1805 εἰς
549 1728 660 1820 χρυσὸν
676 1728 694 1803 ἢ
710 1726 749 1806 εἰς
764 1724 912 1824 άργυρον·
928 1731 958 1794 ὲν
978 1718 1006 1793 δ’
1021 1723 1082 1820 οἷροι
1096 1725 1230 1806 καὶτοῖς

314 1812 449 1901 Ιῗσσετοιι
463 1835 607 1927 άμφηκης
621 1834 809 1928 θυμοφθόρος
828 1835 898 1902 ἔνθα
914 1825 1050 1929 σίδηρος.

314 1941 436 2033 Χροσδς
453 1941 500 2009 άεὶ
518 1932 609 2020 δόλος
624 1942 689 2010 ὲστὲ
704 1943 756 2010 καὶ
770 1939 897 2038 άργορος
915 1940 1126 2033 ἀνθρώποισιν.

212 2047 273 2116 115
312 2049 416 2140 Χρυσὲ
430 2059 533 2116 κακῶν
548 2049 678 2144 άργηγὲ,
697 2048 850 2143 βιοφθόρε,
874 2050 976 2117 πάντα
989 2050 1168 2141 χαλάπτων,

315 2154 386 2223 Εἴθε
403 2181 436 2223 σε
455 2160 497 2250 μὴ
519 2157 656 2230 θνητοῖσι
677 2157 814 2251 γενέσθαι
834 2167 924 2249 πῆμα
939 2155 1101 2225 ποθεινόν·

317 2263 377 2329 Σοῦ
393 2265 452 2359 γοὲρ
472 2265 558 2336 ἕκητι
573 2264 672 2357 μάχαι
688 2290 735 2350 τε,
748 2262 909 2337 λεηλασίαι
923 2288 968 2343 τε,
985 2263 1072 2354 φόνοι
1091 2288 1138 2350 τε,

317 2354 422 2460 Εχθρὲ
442 2362 477 2437 δὲ
496 2373 589 2438 τέκνα
602 2380 751 2465 γονεῦσιν,
771 2363 927 2463 άδελφειοῖ
940 2394 976 2437 τε
991 2368 1157 2462 συνοίμοις.

316 2468 408 2549 Μηδὲ
428 2468 538 2554 δόλους
556 2476 702 2569 ῥάπτειν·
721 2480 763 2570 μὴ
783 2479 859 2570 πρὸς
877 2476 964 2568 φίλον
978 2475 1054 2571 ἦτορ
1070 2471 1216 2557 όπλῖζειν.

214 2607 275 2650 120
315 2583 401 2657 Μηθ
423 2586 526 2676 ἕτερον
542 2583 649 2677 κεόθῃς
669 2575 780 2679 κραδίῃ
799 2585 883 2671 νόον,
899 2581 967 2652 ἄλλ’
985 2585 1151 2679 άγορεόων·

314 2682 415 2775 Μῆδ,
431 2697 472 2770 ὡς
485 2694 659 2783 πετροφυὴς
676 2694 845 2778 πολύπους,
859 2693 944 2759 κατὰ
962 2693 1066 2786 χώραν
1086 2687 1234 2786 άμείόειν.

317 2800 416 2865 Πᾶσιν
434 2789 463 2864 δ’
476 2798 591 2877 άπλόος
604 2797 676 2884 ἴσθι,
697 2798 740 2866 τά
754 2804 782 2867 τ’
797 2802 831 2867 ὲκ
850 2796 949 2892 ψυχῆς
962 2798 1098 2893 άγόρευε.

317 2885 412 2983 ὁστις
431 2906 506 2971 ὲκὲον
522 2896 634 2990 ἀδικεῖ,
653 2905 746 2984 κακός
766 2903 863 3007 άνάρ·
880 2903 912 2986 ὃς
934 2895 963 2970 δ’
981 2909 1033 2973 ὑπ’
1049 2906 1194 3002 ἀνάγκης,

317 3014 386 3078 Οὐκ
402 3015 474 3105 ἐρέω
493 3012 528 3078 τὸ
544 3016 646 3090 τελος·
665 3015 761 3097 βουλὴ
781 3005 812 3080 δ’
824 3011 952 3081 εὺθόνεθ
969 3011 1112 3084 ἑκάστου.

215 3120 275 3186 125
314 3121 369 3193 Μὴ
383 3128 498 3214 γαυροῢ
519 3119 621 3214 σοφίη,
636 3124 710 3212 μητ’
726 3119 818 3215 άλκῇ,
833 3125 908 3212 μήτ’
925 3118 968 3189 ὲνὲ
986 3122 1133 3210 πλοότφ·

315 3221 370 3304 Εἷς
389 3226 468 3305 Θεός
484 3231 549 3295 ὲστι
568 3228 672 3318 σοφὸς,
691 3218 821 3306 δυνατός
840 3225 865 3294 θ’
878 3225 956 3320 εἷμα,
973 3227 1026 3294 καὶ
1044 3221 1229 3305 πολόολόος.

316 3324 409 3406 Μηδὲ
425 3337 673 3425 πάροιχομάνοισι
691 3340 795 3413 κακοῖς
810 3335 925 3426 τρόχου
945 3335 1011 3401 τεθν
1030 3330 1124 3426 ἦτορ·

316 3441 432 3508 Οὐκέτι
445 3434 504 3533 γοὲρ
519 3433 650 3508 δύναται
664 3440 701 3508 τὸ
722 3441 907 3535 τετυγμένον
929 3433 1004 3508 εἶναι
1018 3436 1168 3509 άτοκτον.
1281 3504 1286 3517 ,

316 3547 371 3621 Μὴ
391 3548 550 3637 προπετὴς
569 3550 598 3626 ὲς
613 3554 717 3640 χεῖρα·
736 3547 864 3639 χαλίνου
886 3538 917 3614 δ’
937 3544 1040 3644 άγριον
1059 3552 1170 3642 ὀργάν·

165 3695 170 3704 ·
213 3655 275 3722 130
315 3651 458 3720 Πολλάκι
473 3653 530 3749 γὰρ
545 3647 677 3741 πλήξας,
696 3654 794 3723 άέκων
808 3654 901 3746 φόνον
920 3648 1105 3733 ὲΕετελεσσε.

314 3742 407 3828 ὲὲστιο
426 3758 514 3828 κοινοὲ
528 3759 624 3850 πάθη,
638 3754 737 3852 μηδὲν
753 3762 847 3856 μέγα,
863 3751 939 3855 μηδ’
952 3762 1142 3860 ὑπέροπλον·

240 3983 295 4031 101.
314 3979 387 4030 Deest
400 3979 442 4030 hic
454 3978 582 4047 Phocylidi
597 3995 604 4029 ι
618 3981 660 4030 σεδ
673 3982 751 4046 rapi·
783 3977 1182 4045 uedTheognidissichnbentin,v.
1197 3983 1269 4037 1101,
1280 3996 1327 4048 ⁵q.:

203 4055 401 4122 citudejusdem
413 4064 490 4122 poetae
500 4071 596 4107 versum
608 4059 654 4116 θὲς
670 4065 695 4106 et
704 4056 752 4111 cfr.
783 4055 845 4105 061·
868 4053 959 4122 ἔραμαι
979 4057 1107 4115 πλουτεῖν,
1132 4056 1186 4108 οὔτ’
1210 4057 1329 4122 εὔχομαι·

203 4131 278 4191 iufra,
296 4135 350 4182 112.
783 4130 844 4181 ἀλλά
856 4147 899 4196 μοι
910 4128 948 4189 εἴη
971 4132 1018 4192 Ζῆν
1034 4132 1083 4182 ἀπὸ
1095 4133 1144 4183 τῶν
1156 4133 1244 4196 ὀλίγων
1256 4133 1330 4198 μηδὲν

238 4209 294 4260 102.
315 4206 390 4257 Abest
402 4222 417 4256 ε
430 4205 569 4272 Phocylide.
782 4206 863 4272 ἔχοντι
876 4206 970 4266 κακόν,
999 4207 1042 4257 uhi
1062 4208 1184 4258 secundus
1203 4223 1286 4258 νειειιε
1299 4223 1328 4258 εκ

238 4285 296 4342 100,
310 4299 365 4349 sqq.
376 4281 435 4333 Ττεε
444 4280 631 4348 hiPhocylidei,
643 4285 685 4340 00,
694 4297 747 4349 sqq.
780 4291 932 4348 pentametro
942 4282 1082 4333 hexameter
1095 4282 1174 4333 factus
1187 4293 1230 4334 εει.

237 4360 295 4417 100,
309 4374 346 4425 ιφ.
362 4359 455 4409 Desunt
468 4356 495 4407 hi
508 4358 558 4407 duo
571 4356 709 4424 Phocylidi.
817 4360 872 4409 110.
893 4357 970 4410 Codd.
982 4358 1009 4409 in
1026 4357 1089 4424 fine,
1104 4359 1179 4424 μηθέν
1193 4375 1221 4410 τε
1239 4357 1329 4426 όχοντιι

239 4437 295 4487 100.
313 4432 416 4503 Phoeyl.
427 4437 468 4485 ³6.
780 4431 876 4485 άθιιιον.

237 4511 296 4572 100,
309 4523 345 4575 sq.
356 4509 387 4561 111
401 4509 451 4562 duo
462 4522 512 4558 non
526 4515 582 4559 sunt
594 4505 747 4575 Phocylidis,
818 4511 873 4560 111.
893 4507 994 4577 Phoeyl.
1012 4512 1051 4561 01.

79 4824 320 4968 Α
