3186 5310
441 450 726 514 srsrmruoaun
747 452 820 513 tm.
845 452 899 528 111,
919 452 938 532 s
958 458 988 513 a.
1234 457 1272 516 sa

246 589 352 655 Fatale
364 586 508 666 exitium,
522 588 689 676 Trojaeque
701 586 876 651 miserrima
889 587 1007 652 clades

246 697 324 762 Inde
337 696 456 760 malum
473 695 585 759 Persas
601 711 720 772 manet,
737 695 945 784 Assyriosque
962 711 1119 784 potentes,

246 806 288 869 Et
301 820 402 868 totam
417 802 606 891 AEgyptum,
625 800 758 890 Libyam
775 800 881 884 simul,
899 802 1142 891 AEthiopasque,

246 910 456 1001 Pamphylos,
475 910 633 997 (laresque
651 908 784 972 domum
799 924 922 972 mutare
936 926 1076 986 coactos,

162 1042 225 1082 210
249 1018 466 1105 Mortalcsque
481 1021 604 1080 omnes.
621 1014 684 1080 Sed
701 1038 851 1104 quorsum
871 1015 991 1104 singula
1012 1017 1132 1106 panda,

250 1124 374 1209 Quidve
391 1124 524 1188 moror?
538 1121 599 1186 Vix
618 1146 680 1186 una
699 1122 765 1187 lues
780 1121 922 1203 cessarit,
941 1139 973 1187 et
985 1147 1059 1214 cccc

248 1231 358 1296 Altera
375 1228 535 1295 succedet.
550 1231 581 1293 N
583 1253 645 1294 unc
659 1228 771 1294 ordine
786 1229 909 1317 singula
920 1230 1069 1318 pandam.

294 1341 417 1402 Instant
429 1361 544 1426 magna
558 1337 619 1426 piis
636 1336 731 1418 mala,
751 1335 805 1425 qui
820 1336 1002 1401 Solomonia
1019 1337 1138 1402 circum

250 1444 383 1533 Templa
401 1445 523 1524 colunt,
542 1442 708 1508 hominum
724 1445 884 1529 justorum
899 1443 1050 1532 sanguine
1065 1444 1155 1521 creti,

165 1551 227 1616 215
252 1552 401 1633 Quorum
416 1549 602 1640 progeniem
616 1550 799 1631 celebrabo,
818 1572 981 1638 genusque
996 1568 1178 1640 paternum,

253 1659 293 1721 Et
308 1673 410 1721 totam
425 1674 565 1747 gentem.
589 1658 637 1720 Tu
657 1655 718 1720 fida
736 1672 843 1720 mente
858 1680 1017 1746 reponens

254 1765 330 1829 Haec
343 1763 465 1828 utinam
481 1762 658 1847 mediteris,
676 1764 776 1828 homo
789 1764 879 1827 vafer
897 1780 992 1852 atque
1010 1764 1138 1829 dolose!

297 1872 356 1936 Est
368 1872 446 1936 urbs
461 1871 492 1935 in
507 1888 601 1937 terrac
618 1869 805 1959 regionibus
821 1868 1033 1951 Urchaldaeis,

255 1977 348 2042 Unde
365 1977 444 2042 mihi
458 1978 565 2068 proles
578 1978 746 2042 hominum
756 1976 929 2063 justissima
947 1993 1066 2064 surget,

168 2106 232 2148 220
256 2083 355 2167 Queis
371 2107 497 2173 semper
512 2086 598 2149 bona
618 2107 706 2149 mens
725 2099 758 2148 et
771 2106 879 2147 rerum
894 2106 968 2148 cura
982 2081 1118 2173 piarum.

256 2191 339 2255 Nam
356 2213 461 2280 neque
476 2190 646 2255 decursum
663 2189 750 2269 solis,
770 2189 892 2254 lunaeve
912 2189 1052 2270 iabores,
1118 2224 1121 2228 ·

256 2297 368 2361 Cetera
382 2320 442 2371 nec
459 2313 571 2361 curant
589 2320 659 2385 quae
670 2296 767 2385 vulgo
782 2320 899 2385 magua,
910 2295 1068 2379 feruntur,

257 2403 324 2467 Nec
340 2403 446 2493 magni
463 2402 583 2467 Oceani
601 2401 750 2468 rimando
763 2426 905 2492 quaerere
923 2402 1070 2482 fundum,

257 2510 326 2574 Nec
337 2526 569 2576 sternutantum
586 2509 751 2600 praesagia,
768 2533 829 2574 nec
846 2534 925 2598 vaga
944 2534 1055 2599 pennae

173 2615 234 2681 225
258 2615 373 2680 Omina
389 2615 538 2705 pernicis,
555 2640 621 2681 non
636 2616 789 2697 carmina,
806 2615 937 2701 fascina,
953 2633 1067 2699 sortes,

259 2721 333 2786 Non
345 2723 529 2788 insanorum
546 2722 710 2788 mendacia
727 2722 1018 2812 ventriloquorum,

263 2829 331 2894 Nec
343 2853 414 2918 quae
426 2829 566 2895 Chaldaei
584 2830 747 2894 stellarum
763 2830 889 2895 oracula
905 2848 1064 2919 quaerunt,

261 2939 355 3000 Astra
369 2960 429 3001 nec
447 2939 631 3004 observant.
655 2937 784 3026 Quippe
803 2937 871 3004 haec
888 2935 1010 3002 fallacia
1025 2955 1137 3002 cuncta

262 3042 407 3108 Mortalis
422 3045 525 3108 tnrbae
542 3044 659 3123 studia,
674 3043 896 3133 incassumque
912 3045 1060 3109 laborant

177 3148 240 3214 230
263 3150 368 3214 Insani
382 3150 488 3215 vacuis
500 3174 601 3215 aevnm
617 3174 807 3215 consumere
819 3151 914 3216 curis.

263 3255 347 3339 Quin
370 3280 470 3345 genus
485 3256 561 3322 inde
577 3257 743 3322 hominum
763 3257 880 3321 multos
896 3256 993 3320 trahit
1019 3276 1114 3346 atque
1129 3255 1295 3345 pudendos

263 3363 409 3444 Enrores,
422 3379 518 3451 atque
534 3362 610 3429 inde
624 3362 727 3428 fluunt
742 3363 825 3427 mala
840 3380 951 3428 cuncta
970 3387 1027 3452 per
1042 3365 1168 3444 orbem,

262 3469 423 3534 Perversis
435 3469 579 3560 rectique
594 3470 652 3534 viis
666 3487 699 3535 ct
711 3469 830 3535 finibus
844 3469 938 3559 aequi.

264 3574 322 3638 His
337 3593 444 3641 autem
457 3577 558 3643 virtus
575 3594 606 3642 et
620 3575 742 3663 justitia
759 3577 853 3642 unica
870 3601 954 3642 curae
969 3596 1028 3660 est,

180 3679 240 3745 235
264 3680 339 3746 Non
353 3686 435 3750 mala
452 3684 610 3767 avarities,
627 3709 697 3775 quae
711 3684 807 3773 longe
823 3683 961 3774 plurima
978 3685 1093 3750 damna

266 3789 415 3854 Humano
427 3790 581 3881 importat
594 3790 715 3881 generi,
734 3791 930 3880 bellumque,
946 3791 1139 3880 famemque.

179 4051 323 4119 εὐρυάγυια,
336 4070 351 4104 a
363 4055 501 4120 glossatoris
509 4064 552 4105 aut
565 4054 660 4105 librarii
674 4071 725 4105 ma·
791 4057 849 4106 225.
865 4053 999 4105 Anmclius
1007 4054 1159 4120 φαρμακέας,
1167 4050 1238 4102 metri
1248 4068 1302 4101 cau·

180 4129 245 4190 nu):
260 4145 304 4178 nos
313 4145 376 4181 corr.
391 4129 513 4188 eGenesi,
530 4146 585 4196 cap.
597 4122 637 4190 11‘,
648 4147 671 4179 v.
682 4134 723 4182 at.
757 4147 791 4189 sa,
804 4139 955 4197 proponente
962 4128 1098 4194 Dausqueio
1111 4127 1135 4176 in
1148 4126 1241 4178 schedis
1253 4142 1303 4175 ma·

215 4203 272 4252 219.
292 4203 367 4255 Godd.
380 4206 480 4271 quidam
494 4208 518 4263 ἐξ
528 4199 561 4256 ὧν
572 4207 612 4264 δή,
627 4205 669 4255 atii
679 4222 728 4255 uo·
757 4205 904 4271 nuscriptis?
919 4204 965 4255 Sed
983 4204 1110 4271 φαρμαιοί
1126 4202 1215 4268 legitur
1229 4200 1302 4251 etiam

182 4272 512 4345 hiscumtttcnnmncem
523 4280 726 4346 lectionemque
758 4281 790 4344 tl,
810 4284 868 4339 284,
885 4296 931 4330 nee
952 4279 1033 4330 media
1050 4279 1170 4346 producta
1187 4276 1303 4344 exemplis

182 4350 237 4402 ideo
244 4352 306 4404 nihil
313 4363 367 4406 tuto
374 4356 476 4407 deducas
484 4359 514 4407 ad
523 4357 670 4423 arguendam
677 4355 728 4406 ori·
759 4366 825 4406 caret
842 4372 847 4406 :
864 4355 920 4406 vide
930 4358 959 4408 tt.
970 4354 1056 4422 Steph.
1067 4354 1122 4406 Par.

183 4426 263 4492 ginem
280 4429 388 4498 sibylla.
403 4431 450 4482 Sed
468 4432 590 4482 notandus
611 4441 676 4482 totus
690 4431 731 4481 hie
796 4435 855 4483 235.
874 4432 951 4482 Ccdd.
966 4433 1001 4488 τίς
1010 4432 1043 4495 γ’,
1059 4429 1102 4480 uhi
1116 4447 1182 4480 oose
1193 4429 1256 4496 conj.
1268 4445 1306 4479 sa-

184 4501 252 4555 locus
267 4506 297 4556 dc
313 4506 454 4558 suanorum
469 4508 586 4567 moribus,
610 4517 636 4558 et
653 4506 733 4557 confe-
764 4506 795 4557 tis
812 4517 878 4557 certa
894 4510 946 4565 τοῖς
959 4505 992 4571 γ’.
1010 4507 1045 4557 De
1062 4523 1143 4566 sensu,
1162 4505 1204 4573 qni
1221 4513 1305 4573 aperte

185 4580 274 4631 maus
289 4597 346 4633 cum
360 4582 433 4634 Dent.
447 4599 471 4635 c.
487 4586 527 4643 ta,
540 4600 565 4635 v.
586 4587 626 4641 to,
642 4599 694 4648 sqq.
766 4582 936 4650 Phocylidcus‚
952 4583 996 4634 cfr.
1011 4584 1045 4642 ll,
1058 4587 1113 4634 111.
