3186 5310
640 395 691 457 AD
711 395 853 457 LIBRUM
872 394 947 455 vtll.
1291 384 1350 447 373

241 526 314 593 uulgo
326 526 425 587 dieitur,
441 530 478 579 rel
492 544 584 579 summe
602 528 726 579 includere
743 527 782 577 rei
958 535 994 573 An
1011 533 1114 572 uuo!
1131 517 1194 571 vltt.

241 602 273 651 de
289 618 382 654 summe
396 604 532 655 detrahere.
549 604 589 654 Sic
605 589 670 671 sipud
685 608 782 653 Grecos
1343 665 1348 675 ·

240 679 435 745 πενταετηρίδις,
458 680 524 746 rpud
543 679 642 729 latinos
656 679 755 728 «lustru
769 699 781 720 ι
844 680 871 738 Ι,
900 691 953 741 sqq.
982 673 1105 724 Procede
1125 672 1171 722 hoc
1193 669 1250 720 iibri
1263 675 1349 717 'octerr

240 751 376 803 dicisoieut
388 764 412 805 et
421 770 466 820 pro
476 753 557 819 quinis
567 755 637 804 runis
648 752 780 813 numerari,
808 761 888 817 perte,
898 751 965 809 ΙΙΙΙΙ,
980 751 996 815 S
1019 758 1041 808 t,
1055 748 1160 798 notendo
1176 744 1246 796 nobis
1265 750 1347 793 erunt.

239 842 295 891 que
306 843 391 879 revers
398 839 530 894 quaternos
540 839 635 880 tentum
642 829 779 879 includunt.
807 827 903 893 Seripu
917 826 1008 892 quippe
1026 835 1062 875 est
1073 824 1104 874 de
1118 823 1202 873 iisdem
1215 835 1291 888 prope
1310 832 1349 868 re·

239 901 284 952 Sic
303 902 353 954 iere
374 905 411 954 rel
430 914 514 954 contre
528 905 606 971 poscit
619 920 676 954 usus
695 903 782 969 lingue
807 903 917 953 buscum
930 901 994 952 libro
1004 901 1034 961 V,
1049 910 1132 967 etque,
1144 908 1172 949 ut
1181 898 1240 948 elias
1251 897 1350 946 demon·

241 987 328 1028 nostre
339 989 368 1029 ut
378 996 423 1046 pro
434 997 482 1030 une
495 980 645 1031 hebdomade
656 989 722 1042 octo,
737 994 781 1044 pro
808 988 885 1030 strere
899 978 979 1028 conati
993 993 1084 1040 sumus,
1098 975 1129 1026 ab
1142 975 1227 1025 eodem
1240 979 1350 1029 suctore,

240 1052 335 1103 duabus
347 1055 488 1119 quindecim
499 1065 622 1122 ponentur
635 1055 694 1104 dies.
709 1054 737 1104 n
747 1053 781 1103 sic
807 1053 890 1104 ludeo
903 1069 990 1121 nempe
1001 1054 1053 1112 illo,
1067 1051 1154 1102 nostris
1165 1049 1264 1117 quidem
1277 1045 1352 1096 secris

242 1126 312 1178 nobis
327 1144 389 1195 sepe
402 1130 501 1189 eccidit,
517 1130 659 1195 quotidiano
673 1139 697 1179 et
711 1127 781 1178 ismi-
807 1129 900 1184 cheno,
924 1145 973 1179 non
993 1144 1091 1196 prorsus
1112 1136 1193 1177 autem
1204 1122 1282 1175 literis
1297 1135 1354 1171 noe·

241 1200 296 1252 lieri
303 1219 413 1255 mmone
420 1205 552 1268 utentibus,
561 1204 671 1255 hesitare
678 1203 782 1253 talemne
807 1204 860 1263 tris,
874 1204 1005 1271 presertim
1022 1201 1203 1270 apocalypticis.
1216 1199 1313 1254 Statim,
1330 1195 1351 1245 si

240 1280 431 1345 ennumquam
443 1290 560 1346 estmpre
574 1284 632 1339 350,
642 1280 673 1329 sd
683 1279 781 1329 tertium
808 1281 863 1347 quis
879 1290 975 1331 tentum
992 1278 1081 1329 hebeat
1104 1277 1149 1329 otii
1163 1285 1191 1327 ut
1206 1274 1278 1326 smbo
1297 1287 1352 1323 cer·

239 1353 434 1420 susdquutum
442 1356 553 1405 seculum
561 1354 699 1405 referemus.
712 1354 781 1404 Nunc
806 1357 873 1407 mine
893 1355 1001 1406 conferre
1014 1355 1092 1419 juret,
1107 1351 1300 1419 componendum
1312 1356 1350 1397 est

241 1427 268 1477 iu
282 1429 393 1496 pruenti
405 1431 530 1498 ers-pio,
552 1432 595 1497 qui
615 1431 712 1480 tertium
725 1446 782 1480 cen·
807 1431 854 1482 boo
867 1431 964 1482 initium
978 1447 1033 1481 cum
1042 1429 1099 1480 iibri
1113 1428 1134 1477 V
1146 1427 1254 1478 exordio.

241 1504 332 1554 turiem
340 1507 460 1556 excedunt
471 1505 529 1555 anni
542 1510 584 1566 bo,
598 1505 721 1570 quomodo
734 1521 780 1554 nu·
840 1510 881 1558 68.
899 1506 935 1557 De
946 1505 1066 1557 Antonini
1080 1504 1118 1554 Pii
1127 1501 1267 1570 principatu
1275 1499 1361 1567 persib·

240 1579 414 1630 merebuntur?
435 1582 495 1641 iloc,
508 1580 554 1630 nisi
564 1580 679 1642 fallimur,
696 1581 779 1630 modo.
806 1581 901 1647 longius
924 1580 1077 1647 progreditur
1093 1579 1141 1629 boc
1158 1592 1256 1628 cermen
1272 1589 1346 1640 quem

240 1652 316 1705 Primi
335 1671 366 1705 ex
377 1655 408 1705 iis
422 1661 453 1707 to
472 1667 562 1723 septem
583 1656 685 1722 impleut
703 1671 780 1706 anuo·
806 1656 870 1706 iiber
882 1656 997 1721 quintum
1012 1655 1077 1705 uude
1087 1654 1183 1711 credes,
1195 1651 1306 1718 quemvis
1317 1648 1359 1698 eb·

239 1745 295 1779 rum
306 1730 476 1791 hebdomadas,
490 1748 592 1781 numero
606 1731 642 1780 bis
653 1747 722 1781 sacro
731 1730 780 1780 bis·
807 1731 907 1791 eodsn,
922 1731 994 1797 poulo
1006 1739 1087 1779 temen
1101 1727 1218 1795 posterius
1230 1725 1332 1777 editum.

240 1820 288 1870 que
301 1803 387 1855 htrli:
403 1822 460 1856 nrm
473 1807 637 1873 septennium
652 1820 781 1856 numerum
841 1810 887 1864 88,
909 1822 963 1872 sqq.
983 1805 1117 1854 Dreconem
1143 1804 1216 1853 istum
1239 1801 1357 1851 eumdem

239 1878 266 1929 iu
277 1879 370 1930 oriente
381 1898 410 1931 ec
420 1881 552 1947 presertim
561 1883 626 1951 apud
638 1882 781 1934 Judeosre·
806 1896 856 1931 esse
870 1881 951 1945 quiin
972 1878 1128 1946 Apocslypsi,
1149 1892 1203 1944 cup.
1227 1880 1266 1935 13,
1283 1891 1352 1942 sqq..

239 1953 329 2019 ligioue
338 1957 444 2021 quedem
455 1966 621 2006 consecratum
633 1972 692 2019 esse,
709 1971 780 2005 nemo
807 1955 934 2020 figuretur,
956 1953 1056 2004 minime
1069 1953 1171 2003 dubium
1184 1960 1228 2002 est.
1246 1951 1269 2002 ls
1281 1966 1350 2012 vero,

239 2029 331 2091 neseit;
354 2040 379 2081 et
398 2031 463 2081 hunc
482 2030 624 2081 toruueob
638 2046 734 2080 ceusem
755 2030 781 2079 in
806 2031 870 2081 sicut
893 2029 987 2096 reliqua
1011 2029 1088 2079 scorti
1106 2028 1172 2077 iilius
1194 2025 1261 2088 libri,
1284 2025 1351 2076 velie

241 2105 384 2172 Apoceiypsi
399 2122 515 2156 numerus
527 2106 621 2156 dietum
637 2104 780 2156 Antichristi
806 2105 883 2172 eccipi
895 2115 984 2172 potest,
999 2105 1129 2172 potuitque
1141 2119 1155 2152 e
1169 2100 1304 2169 Sibyliiste,
1318 2100 1351 2150 si·

239 2177 355 2230 definitur
368 2179 446 2231 tribus
459 2181 529 2230 enuis
549 2196 604 2230 cum
619 2180 736 2240 dimidio,
754 2179 780 2228 id
806 2190 849 2230 cut
866 2197 880 2230 a
900 2180 986 2245 quovis
1006 2181 1095 2230 lectore
1109 2178 1146 2228 vel
1165 2176 1312 2244 interprete,
1324 2175 1351 2226 iu

238 2261 284 2316 est,
297 2253 396 2305 dimidie
408 2271 529 2305 annorum
549 2254 708 2306 hebdomsde.
733 2254 779 2305 nic
806 2256 931 2322 proprium
953 2253 1018 2305 trshi
1042 2253 1194 2305 sententium.
1217 2250 1292 2302 Nobis
1314 2250 1351 2301 ri·

239 2343 307 2393 vero,
320 2331 387 2394 quod
407 2331 458 2397 ipse
471 2331 567 2381 videtur
589 2329 722 2396 Sibyllinos
741 2329 780 2378 in·
806 2330 892 2388 detur,
908 2330 945 2380 vel
959 2329 992 2380 ob
1009 2330 1069 2379 iliud
1081 2326 1278 2390 hemistichium,
1291 2343 1352 2392 γασ·

236 2401 321 2453 dicsre
332 2420 422 2466 versus,
437 2406 457 2455 si
471 2406 501 2455 cd
514 2415 605 2472 septen
618 2404 780 2455 hebdomades
806 2405 858 2472 rips
877 2407 967 2466 πλῆθος
988 2404 1067 2471 lpus,
1091 2401 1260 2468 intelligendus
1281 2400 1351 2451 Anti·

237 2480 452 2531 uoemmoosdem
460 2479 589 2540 eddiders's,
600 2479 624 2529 id
635 2487 680 2538 cst,
688 2488 780 2528 octove
806 2478 892 2531 christi
919 2481 1006 2537 στόλος
1029 2479 1079 2528 sive
1099 2477 1197 2539 classis,
1220 2491 1275 2527 eum
1305 2492 1349 2527 suo

238 2550 396 2604 hebdomadis
414 2571 504 2605 sunum
517 2556 636 2640 primum,
661 2553 780 2618 ὸγδοάτης
805 2556 868 2605 duce
877 2572 970 2622 suoque
978 2555 1072 2621 agmine
1081 2554 1156 2604 meris
1164 2552 1286 2618 trsjicieos
1300 2551 1351 2602 sire

236 2627 339 2692 πρώτης
350 2629 467 2695 (apertius
477 2630 576 2680 diusset
584 2629 671 2682 Noster
679 2630 724 2688 τῆς
737 2630 779 2692 ὸγ-
806 2629 837 2681 sb
857 2630 913 2681 Asis
936 2631 962 2680 in
980 2631 1145 2689 occidentem,
1162 2629 1214 2679 sive
1234 2626 1266 2678 eb
1282 2626 1349 2678 occi·

238 2701 328 2762 terme
344 2705 479 2769 idbopddot
491 2704 594 2769 ἐνιαυτῷ
615 2705 652 2769 τῷ
666 2704 776 2770 πρώτῳ),
805 2706 879 2757 dente
892 2722 976 2756 rursus
989 2706 1015 2756 in
1027 2704 1116 2754 Asiam.
1139 2703 1208 2754 Prius
1229 2703 1285 2762 iter,
1307 2717 1351 2754 re·

235 2775 337 2828 hebebis
349 2795 422 2845 quem
435 2781 730 2843 querimusenuumbbo.
748 2778 777 2829 ln
805 2780 895 2831 nientis
914 2797 1017 2848 nempe,
1040 2795 1089 2830 oon
1107 2777 1263 2836 revertentis,
1276 2777 1351 2843 meris

236 2866 331 2903 summu
342 2854 403 2920 quid
421 2855 468 2904 sibi
484 2853 560 2905 voluit
574 2854 675 2904 Noster?
693 2852 779 2903 rins·
805 2857 836 2906 ed
846 2856 934 2922 reliqui
948 2857 994 2906 ioci
1005 2865 1114 2906 tenorem
1123 2854 1230 2916 eccedit,
1240 2862 1269 2905 ut
1279 2853 1350 2905 terri-

237 2928 536 2994 rerumprosirnumesse3
544 2928 781 2980 Antichristumbre·
805 2930 860 2981 bilis
870 2931 911 2982 ille
922 2941 1041 2998 tyrannus
1053 2946 1068 2981 e
1081 2929 1180 2981 Perthiu
1191 2929 1292 2981 Romsm
1305 2945 1349 2996 pe·

237 3001 262 3050 ui
277 3013 406 3053 uenturum
425 3003 541 3069 brevique
560 3004 709 3070 periturum
734 3019 779 3053 nec
804 3015 858 3056 tens
877 3007 1032 3071 significetur,
1047 3007 1156 3055 nondum
1173 3006 1265 3071 quippe
1281 3005 1347 3056 deie-

236 3092 305 3143 posse
319 3078 384 3128 illius
404 3078 593 3129 dominationem
609 3079 674 3128 ultre
687 3094 778 3127 sunrrm
806 3089 862 3137 tam,
878 3082 918 3130 cui
930 3079 1056 3146 sequentia
1068 3090 1175 3147 perstem
1187 3079 1282 3146 abipso
1295 3095 1349 3147 per·

237 3154 288 3203 3⁵0
297 3151 400 3218 proferri
413 3152 594 3219 (scribebantur
602 3153 726 3203 heccirce
735 3169 779 3203 an·
804 3155 895 3205 nicicm
905 3154 1062 3222 portendunt.

236 3241 297 3277 num
307 3243 360 3278 erse
369 3236 456 3278 nosue
467 3231 524 3287 234.
538 3227 778 3294 quiestAEgyptircre
840 3232 894 3287 123,
908 3245 962 3295 sqq.
981 3228 1095 3278 Recurrit
1114 3244 1165 3279 non
1175 3230 1249 3279 semei
1266 3230 1291 3279 in
1306 3229 1344 3282 Si·

237 3302 320 3365 261),
345 3311 400 3370 post
424 3300 490 3353 bunc
510 3312 648 3353 secuturum
668 3303 778 3352 ultimam
803 3302 911 3371 hyliinis,
924 3303 1047 3371 precipue
1066 3302 1108 3362 ΙΙΙ,
1132 3307 1162 3354 58
1180 3319 1218 3369 sq.
1237 3313 1263 3355 et
1277 3304 1345 3366 ΧΙΙΙ,

236 3390 320 3426 rerum
331 3377 520 3440 connrlsiouem,
535 3378 599 3428 ricut
611 3376 729 3428 continuo
742 3378 778 3427 di·
804 3384 846 3440 64,
858 3396 919 3446 sqq,
932 3380 975 3430 ille
993 3395 1043 3428 non
1065 3378 1185 3430 immerite
1202 3380 1345 3432 deciemstio

236 3460 315 3515 cetur,
336 3454 475 3517 1⁴0,sqq.;
495 3460 569 3517 etque
592 3452 650 3503 inde
670 3451 776 3519 piorum,
803 3453 920 3505 adversus
947 3453 1065 3505 insaniem
1095 3453 1140 3503 sub
1159 3453 1346 3521 imperatoribus

235 3524 264 3576 id
274 3525 465 3587 attudeorum
478 3525 779 3578 seudum-Christiano·
804 3529 919 3580 nomenis
942 3546 970 3580 ec
990 3528 1123 3596 presertim
1149 3528 1194 3579 sub
1217 3529 1347 3584 Antoninis

235 3611 418 3652 mmterrestrc
430 3617 540 3666 regnum,
556 3605 612 3662 ΙΙΙ,
638 3618 691 3667 sqq.
708 3603 780 3666 (duce
804 3621 848 3672 per
859 3614 938 3655 totum
956 3605 1096 3672 imperium,
1111 3605 1215 3655 mexime
1230 3622 1287 3656 vero
1303 3623 1347 3675 per

235 3676 349 3727 videlicet
360 3676 489 3743 eteuspice
501 3675 608 3742 lusu),
622 3687 780 3732 conversante
804 3679 922 3731 Asiaticos
942 3680 1079 3747 provincius
1098 3679 1221 3743 dirum,
1242 3683 1345 3750 ruptio-

235 3767 293 3801 cum
308 3751 380 3818 justis
396 3751 447 3801 Deo
463 3751 574 3816 ipsosque
592 3751 694 3803 docente
708 3753 779 3818 quid·
805 3755 886 3816 modi,
900 3755 1176 3821 eredibcendisingulss
1192 3755 1265 3806 urbes
1277 3759 1347 3809 noris

234 3825 296 3891 quid
312 3842 363 3876 non
383 3825 458 3876 tuerit
478 3840 494 3875 s
513 3825 608 3892 Sibylla
629 3828 778 3891 revolutum,
805 3831 996 3898 sumptuosisque
1003 3830 1174 3894 monumentis,
1183 3831 1288 3897 templis,
1299 3833 1347 3884 eir·

237 3903 295 3960 150,
307 3916 361 3966 sqq.
805 3905 854 3964 eis,
868 3906 962 3972 pluteis,
977 3915 1040 3966 eto,
1055 3920 1159 3971 quorum
1173 3904 1288 3971 reliquias
1300 3907 1347 3961 ho·

273 3977 328 4034 ¹⁵¹·
348 3990 399 4039 sqq.
424 3974 488 4024 Cum
508 3974 556 4026 boc
581 3977 675 4044 epilogo
697 3977 781 4029 confer
805 3979 846 4031 die
858 3982 985 4042 miremur,
1006 3981 1078 4031 simul
1089 3981 1157 4040 srtis,
1171 3979 1242 4031 umui
1253 3986 1347 4050 megui-

235 4047 317 4114 pslsm
333 4065 365 4098 ex
382 4049 434 4114 ipso
452 4049 553 4100 ductum
574 4067 602 4101 ec
619 4069 685 4118 pene
704 4063 780 4103 mens
806 4055 909 4106 fioentie
924 4071 1004 4106 cause.
1028 4054 1110 4106 'selem
1123 4055 1208 4106 iusum
1221 4058 1286 4124 epod
1300 4075 1347 4110 nos

234 4122 343 4189 criptum
360 4124 480 4190 epilogum
498 4124 555 4175 iibri
573 4126 607 4183 ΙΙ,
630 4132 694 4187 310,
713 4145 779 4195 sqq,
806 4131 880 4182 hodie
897 4131 1032 4181 redivivum
1054 4131 1232 4198 conspicimus,
1254 4133 1348 4185 felicius

234 4196 383 4264 quibusdem
395 4209 476 4250 temen
488 4203 617 4252 ottenustis
628 4213 670 4253 eut
682 4204 781 4255 omnino
807 4206 914 4256 utinm!

234 4272 378 4339 suppressis,
402 4283 429 4325 ut
450 4275 554 4325 muime
572 4276 628 4327 filie
643 4294 699 4329 cum
712 4290 782 4346 petre
844 4285 899 4339 tor,
917 4297 953 4347 sq.
973 4281 1008 4331 oe
1023 4297 1071 4348 que
1084 4282 1180 4332 demum
1194 4281 1348 4348 ementiore

235 4347 346 4413 bruun,
366 4349 431 4416 quod
453 4350 592 4418 posterioris
604 4354 783 4406 retrectutiouis
808 4355 918 4424 espiendi
936 4357 985 4406 sint
1005 4357 1032 4407 hi
1048 4357 1098 4407 duo
1115 4372 1213 4418 res-ms,
1229 4358 1350 4425 subigere

236 4420 352 4474 iudiciuin
367 4433 411 4475 est.
809 4431 875 4483 ueies
891 4450 896 4482 :
908 4448 995 4500 nempe
1003 4432 1033 4482 ed
1050 4432 1184 4483 Antoninos
1198 4432 1263 4484 houd
1277 4434 1351 4487 dubie
