<?xml version="1.0" encoding="UTF-8"?>
<!DOCTYPE html PUBLIC "-//W3C//DTD XHTML 1.0 Transitional//EN"
    "http://www.w3.org/TR/xhtml1/DTD/xhtml1-transitional.dtd">
<html xmlns="http://www.w3.org/1999/xhtml" xml:lang="en" lang="en">
 <head>
  <title>
</title>
<meta http-equiv="Content-Type" content="text/html;charset=utf-8" />
  <meta name='ocr-system' content='tesseract 3.04.00' />
  <meta name='ocr-capabilities' content='ocr_page ocr_carea ocr_par ocr_line ocrx_word'/>
</head>
<body>
  <div class='ocr_page' id='page_1' title='image "./oraculasibyllin00alexgoog/oraculasibyllin00alexgoog_0099.png"; bbox 0 0 3186 5310; ppageno 0'>
   <div class='ocr_carea' id='block_1_1' title="bbox 173 399 1066 465">
    <p class='ocr_par' dir='ltr' id='par_1_1' title="bbox 173 399 1066 465">
     <span class='ocr_line' id='line_1_1' title="bbox 173 399 1066 465; baseline 0.003 -6"><span class='ocrx_word' id='word_1_1' title='bbox 173 399 213 459; x_wconf 72' lang='grc' dir='ltr'>ὁὸ</span> <span class='ocrx_word' id='word_1_2' title='bbox 501 403 761 465; x_wconf 76' lang='grc' dir='ltr'><strong>ΣΙΒΥΛΛΙΑΚΩΝ</strong></span> <span class='ocrx_word' id='word_1_3' title='bbox 783 404 909 464; x_wconf 87' lang='grc' dir='ltr'><strong>ΛΟΓΟΣ</strong></span> <span class='ocrx_word' id='word_1_4' title='bbox 932 406 965 463; x_wconf 78' lang='grc' dir='ltr'>Α.</span> <span class='ocrx_word' id='word_1_5' title='bbox 1064 427 1066 432; x_wconf 66' lang='grc'>’</span> 
     </span>
    </p>
   </div>
   <div class='ocr_carea' id='block_1_2' title="bbox 175 549 1198 3536">
    <p class='ocr_par' dir='ltr' id='par_1_2' title="bbox 175 549 1198 3536">
     <span class='ocr_line' id='line_1_2' title="bbox 281 549 1048 644; baseline -0.005 -28"><span class='ocrx_word' id='word_1_6' title='bbox 281 552 322 623; x_wconf 82' lang='grc' dir='ltr'>Δή</span> <span class='ocrx_word' id='word_1_7' title='bbox 342 551 415 618; x_wconf 91' lang='grc' dir='ltr'>τότε</span> <span class='ocrx_word' id='word_1_8' title='bbox 435 549 486 616; x_wconf 89' lang='grc' dir='ltr'>καὶ</span> <span class='ocrx_word' id='word_1_9' title='bbox 501 550 645 644; x_wconf 80' lang='grc' dir='ltr'>μεγάλοιο</span> <span class='ocrx_word' id='word_1_10' title='bbox 664 553 743 618; x_wconf 79' lang='grc' dir='ltr'>Θεοῦ</span> <span class='ocrx_word' id='word_1_11' title='bbox 759 558 830 628; x_wconf 88' lang='grc' dir='ltr'>παῖς</span> <span class='ocrx_word' id='word_1_12' title='bbox 851 551 1048 643; x_wconf 84' lang='grc' dir='ltr'>ἀνθρώποισιν</span> 
     </span>
     <span class='ocr_line' id='line_1_3' title="bbox 175 638 1051 750; baseline 0.002 -29"><span class='ocrx_word' id='word_1_13' title='bbox 175 655 239 721; x_wconf 79' lang='lat'>325</span> <span class='ocrx_word' id='word_1_14' title='bbox 283 638 357 733; x_wconf 64' lang='lat' dir='ltr'>fflet</span> <span class='ocrx_word' id='word_1_15' title='bbox 377 657 580 750; x_wconf 88' lang='grc' dir='ltr'>σαρκοφόρος,</span> <span class='ocrx_word' id='word_1_16' title='bbox 599 657 717 736; x_wconf 81' lang='grc' dir='ltr'><strong>θνητοῖς</strong></span> <span class='ocrx_word' id='word_1_17' title='bbox 736 661 929 748; x_wconf 74' lang='grc' dir='ltr'>ὁμοιούμενος</span> <span class='ocrx_word' id='word_1_18' title='bbox 950 660 978 721; x_wconf 86' lang='grc' dir='ltr'>ἐν</span> <span class='ocrx_word' id='word_1_19' title='bbox 1000 666 1051 750; x_wconf 77' lang='grc' dir='ltr'>γῇ.</span> 
     </span>
     <span class='ocr_line' id='line_1_4' title="bbox 280 756 1105 857; baseline -0.001 -28"><span class='ocrx_word' id='word_1_20' title='bbox 280 767 425 856; x_wconf 81' lang='grc' dir='ltr'>Τέσσαρα</span> <span class='ocrx_word' id='word_1_21' title='bbox 444 772 600 854; x_wconf 77' lang='grc' dir='ltr'>φωνάεντα</span> <span class='ocrx_word' id='word_1_22' title='bbox 620 770 717 857; x_wconf 90' lang='grc' dir='ltr'>φέρει·</span> <span class='ocrx_word' id='word_1_23' title='bbox 737 762 779 831; x_wconf 83' lang='grc' dir='ltr'>τὸι</span> <span class='ocrx_word' id='word_1_24' title='bbox 795 756 825 830; x_wconf 85' lang='grc' dir='ltr'>δ’</span> <span class='ocrx_word' id='word_1_25' title='bbox 848 761 954 855; x_wconf 80' lang='grc' dir='ltr'>ἄφωνα</span> <span class='ocrx_word' id='word_1_26' title='bbox 973 769 1001 831; x_wconf 81' lang='grc' dir='ltr'>ἐν</span> <span class='ocrx_word' id='word_1_27' title='bbox 1022 766 1105 829; x_wconf 82' lang='grc' dir='ltr'>αὸτώ</span> 
     </span>
     <span class='ocr_line' id='line_1_5' title="bbox 281 855 1164 1043; baseline -0.002 -108"><span class='ocrx_word' id='word_1_28' title='bbox 281 855 392 1043; x_wconf 43' lang='grc' dir='ltr'>ρρισσδι</span> <span class='ocrx_word' id='word_1_29' title='bbox 407 869 436 937; x_wconf 82' lang='grc' dir='ltr'>ἓν</span> <span class='ocrx_word' id='word_1_30' title='bbox 452 858 669 966; x_wconf 68' lang='grc' dir='ltr'>οἱγγέλλοντ’]·</span> <span class='ocrx_word' id='word_1_31' title='bbox 688 873 813 961; x_wconf 87' lang='grc' dir='ltr'>άριθμὸν</span> <span class='ocrx_word' id='word_1_32' title='bbox 834 863 863 938; x_wconf 88' lang='grc' dir='ltr'>δ’</span> <span class='ocrx_word' id='word_1_33' title='bbox 879 875 949 939; x_wconf 90' lang='grc' dir='ltr'>ὁλον</span> <span class='ocrx_word' id='word_1_34' title='bbox 972 863 1141 961; x_wconf 69' lang='grc' dir='ltr'>ἐξονομόνω</span> <span class='ocrx_word' id='word_1_35' title='bbox 1157 894 1164 911; x_wconf 91' lang='grc'>·</span> 
     </span>
     <span class='ocr_line' id='line_1_6' title="bbox 311 970 1193 1072; baseline -0.001 -29"><span class='ocrx_word' id='word_1_36' title='bbox 311 979 377 1043; x_wconf 82' lang='grc' dir='ltr'>κτὼ</span> <span class='ocrx_word' id='word_1_37' title='bbox 396 976 454 1072; x_wconf 76' lang='grc' dir='ltr'>γὰρ</span> <span class='ocrx_word' id='word_1_38' title='bbox 472 971 623 1071; x_wconf 78' lang='grc' dir='ltr'>μονάδας,</span> <span class='ocrx_word' id='word_1_39' title='bbox 647 980 760 1056; x_wconf 85' lang='grc' dir='ltr'>τόσσας</span> <span class='ocrx_word' id='word_1_40' title='bbox 775 971 911 1056; x_wconf 76' lang='grc' dir='ltr'>δεκάδας</span> <span class='ocrx_word' id='word_1_41' title='bbox 931 970 960 1044; x_wconf 86' lang='grc' dir='ltr'>δ’</span> <span class='ocrx_word' id='word_1_42' title='bbox 981 975 1031 1045; x_wconf 79' lang='grc' dir='ltr'>ἐπὶ</span> <span class='ocrx_word' id='word_1_43' title='bbox 1053 979 1193 1054; x_wconf 79' lang='grc' dir='ltr'>ταύταις,</span> 
     </span>
     <span class='ocr_line' id='line_1_7' title="bbox 283 1069 1103 1178; baseline -0.001 -27"><span class='ocrx_word' id='word_1_44' title='bbox 283 1069 344 1151; x_wconf 78' lang='grc' dir='ltr'>Ηδ</span> <span class='ocrx_word' id='word_1_45' title='bbox 363 1077 573 1165; x_wconf 76' lang='grc' dir='ltr'>ἑκατοντάδας</span> <span class='ocrx_word' id='word_1_46' title='bbox 587 1089 682 1168; x_wconf 85' lang='grc' dir='ltr'>ὀκτὼ,</span> <span class='ocrx_word' id='word_1_47' title='bbox 698 1088 914 1176; x_wconf 76' lang='grc' dir='ltr'>ἀπιστοκόροις</span> <span class='ocrx_word' id='word_1_48' title='bbox 937 1085 1103 1178; x_wconf 75' lang='grc' dir='ltr'>ἀνθρώποις</span> 
     </span>
     <span class='ocr_line' id='line_1_8' title="bbox 176 1175 1090 1288; baseline -0.001 -30"><span class='ocrx_word' id='word_1_49' title='bbox 176 1193 239 1259; x_wconf 79' lang='grc'>330</span> <span class='ocrx_word' id='word_1_50' title='bbox 279 1193 408 1283; x_wconf 89' lang='grc' dir='ltr'>Ούνομα</span> <span class='ocrx_word' id='word_1_51' title='bbox 426 1183 574 1267; x_wconf 82' lang='grc' dir='ltr'>δηλώσει·</span> <span class='ocrx_word' id='word_1_52' title='bbox 591 1195 628 1261; x_wconf 84' lang='grc' dir='ltr'>σὺ</span> <span class='ocrx_word' id='word_1_53' title='bbox 644 1187 674 1260; x_wconf 83' lang='grc' dir='ltr'>δ’</span> <span class='ocrx_word' id='word_1_54' title='bbox 694 1193 736 1261; x_wconf 82' lang='grc' dir='ltr'>ένὶ</span> <span class='ocrx_word' id='word_1_55' title='bbox 753 1196 839 1287; x_wconf 89' lang='grc' dir='ltr'>φρεσὶ</span> <span class='ocrx_word' id='word_1_56' title='bbox 856 1205 927 1288; x_wconf 77' lang='grc' dir='ltr'>σῇσι</span> <span class='ocrx_word' id='word_1_57' title='bbox 945 1192 1053 1264; x_wconf 80' lang='grc' dir='ltr'>νόησον</span> <span class='ocrx_word' id='word_1_58' title='bbox 1084 1175 1090 1201; x_wconf 69' lang='grc'><em>’</em></span> 
     </span>
     <span class='ocr_line' id='line_1_9' title="bbox 281 1287 989 1394; baseline -0.004 -30"><span class='ocrx_word' id='word_1_59' title='bbox 281 1287 552 1382; x_wconf 78' lang='grc' dir='ltr'>ᾸθανάτοισΘεοῦ</span> <span class='ocrx_word' id='word_1_60' title='bbox 574 1301 710 1394; x_wconf 84' lang='grc' dir='ltr'>Χριστὸν</span> <span class='ocrx_word' id='word_1_61' title='bbox 729 1292 818 1369; x_wconf 88' lang='grc' dir='ltr'>παῖδ’</span> <span class='ocrx_word' id='word_1_62' title='bbox 837 1299 989 1390; x_wconf 83' lang='grc' dir='ltr'>ὁψίστοιο.</span> 
     </span>
     <span class='ocr_line' id='line_1_10' title="bbox 281 1400 1069 1501; baseline 0.001 -30"><span class='ocrx_word' id='word_1_63' title='bbox 281 1402 383 1485; x_wconf 73' lang='grc' dir='ltr'>Αὐτὸς</span> <span class='ocrx_word' id='word_1_64' title='bbox 396 1412 550 1501; x_wconf 74' lang='grc' dir='ltr'>πληρώσει</span> <span class='ocrx_word' id='word_1_65' title='bbox 564 1400 598 1474; x_wconf 82' lang='grc' dir='ltr'>δὲ</span> <span class='ocrx_word' id='word_1_66' title='bbox 615 1412 695 1476; x_wconf 81' lang='grc' dir='ltr'>Θεοῦ</span> <span class='ocrx_word' id='word_1_67' title='bbox 712 1408 820 1498; x_wconf 91' lang='grc' dir='ltr'>νόμον,</span> <span class='ocrx_word' id='word_1_68' title='bbox 842 1411 876 1475; x_wconf 82' lang='grc' dir='ltr'>οὐ</span> <span class='ocrx_word' id='word_1_69' title='bbox 892 1408 1069 1489; x_wconf 87' lang='grc' dir='ltr'>καταλύσει,</span> 
     </span>
     <span class='ocr_line' id='line_1_11' title="bbox 281 1503 1051 1607; baseline -0.001 -27"><span class='ocrx_word' id='word_1_70' title='bbox 281 1503 459 1582; x_wconf 75' lang='grc' dir='ltr'>Ᾰντίτοπον</span> <span class='ocrx_word' id='word_1_71' title='bbox 474 1514 598 1607; x_wconf 89' lang='grc' dir='ltr'>μίμημα</span> <span class='ocrx_word' id='word_1_72' title='bbox 619 1515 728 1607; x_wconf 84' lang='grc' dir='ltr'>φέρων,</span> <span class='ocrx_word' id='word_1_73' title='bbox 742 1517 794 1582; x_wconf 90' lang='grc' dir='ltr'>καὶ</span> <span class='ocrx_word' id='word_1_74' title='bbox 805 1516 908 1583; x_wconf 88' lang='grc' dir='ltr'>πάντα</span> <span class='ocrx_word' id='word_1_75' title='bbox 920 1506 1051 1592; x_wconf 82' lang='grc' dir='ltr'>διδάξει.</span> 
     </span>
     <span class='ocr_line' id='line_1_12' title="bbox 281 1621 1103 1716; baseline -0.001 -30"><span class='ocrx_word' id='word_1_76' title='bbox 281 1623 392 1710; x_wconf 85' lang='grc' dir='ltr'>Τούτῳ</span> <span class='ocrx_word' id='word_1_77' title='bbox 411 1623 649 1714; x_wconf 85' lang='grc' dir='ltr'>προσκομίσουσ’</span> <span class='ocrx_word' id='word_1_78' title='bbox 665 1622 749 1716; x_wconf 87' lang='grc' dir='ltr'>ἱερεῖς</span> <span class='ocrx_word' id='word_1_79' title='bbox 763 1621 874 1714; x_wconf 81' lang='grc' dir='ltr'>χρυσόν</span> <span class='ocrx_word' id='word_1_80' title='bbox 889 1627 1103 1714; x_wconf 76' lang='grc' dir='ltr'>προφέροντες,</span> 
     </span>
     <span class='ocr_line' id='line_1_13' title="bbox 176 1721 1198 1823; baseline -0.009 -25"><span class='ocrx_word' id='word_1_81' title='bbox 176 1730 238 1798; x_wconf 82' lang='grc'>335</span> <span class='ocrx_word' id='word_1_82' title='bbox 285 1728 437 1822; x_wconf 82' lang='grc' dir='ltr'>Σμύρναν,</span> <span class='ocrx_word' id='word_1_83' title='bbox 452 1723 685 1821; x_wconf 75' lang='grc' dir='ltr'>άτὸιρλίὸανον·</span> <span class='ocrx_word' id='word_1_84' title='bbox 701 1728 825 1823; x_wconf 73' lang='grc' dir='ltr'>καὶγὰρ</span> <span class='ocrx_word' id='word_1_85' title='bbox 846 1721 924 1796; x_wconf 90' lang='grc' dir='ltr'>τάδε</span> <span class='ocrx_word' id='word_1_86' title='bbox 943 1729 1048 1795; x_wconf 83' lang='grc' dir='ltr'>πάντα</span> <span class='ocrx_word' id='word_1_87' title='bbox 1068 1730 1198 1802; x_wconf 72' lang='grc' dir='ltr'>ποιησει.</span> 
     </span>
     <span class='ocr_line' id='line_1_14' title="bbox 335 1824 1067 1929; baseline -0.003 -27"><span class='ocrx_word' id='word_1_88' title='bbox 335 1824 411 1903; x_wconf 85' lang='grc' dir='ltr'>Ᾰλλ’</span> <span class='ocrx_word' id='word_1_89' title='bbox 431 1837 548 1904; x_wconf 83' lang='grc' dir='ltr'>ὁπόταν</span> <span class='ocrx_word' id='word_1_90' title='bbox 569 1840 654 1928; x_wconf 78' lang='grc' dir='ltr'>φωνό</span> <span class='ocrx_word' id='word_1_91' title='bbox 671 1863 715 1914; x_wconf 92' lang='grc' dir='ltr'>τις</span> <span class='ocrx_word' id='word_1_92' title='bbox 732 1836 876 1929; x_wconf 76' lang='grc' dir='ltr'>ἐρημαίης</span> <span class='ocrx_word' id='word_1_93' title='bbox 895 1828 948 1901; x_wconf 73' lang='grc' dir='ltr'>διὰ</span> <span class='ocrx_word' id='word_1_94' title='bbox 966 1839 1067 1928; x_wconf 77' lang='grc' dir='ltr'>χώρης</span> 
     </span>
     <span class='ocr_line' id='line_1_15' title="bbox 283 1924 1066 2037; baseline -0.005 -28"><span class='ocrx_word' id='word_1_95' title='bbox 283 1924 356 2022; x_wconf 61' lang='lat' dir='ltr'>fita</span> <span class='ocrx_word' id='word_1_96' title='bbox 375 1945 614 2037; x_wconf 75' lang='grc' dir='ltr'>ἀπαγγέλλουσα</span> <span class='ocrx_word' id='word_1_97' title='bbox 632 1946 766 2037; x_wconf 86' lang='grc' dir='ltr'>βροτοῖς,</span> <span class='ocrx_word' id='word_1_98' title='bbox 784 1947 835 2010; x_wconf 90' lang='grc' dir='ltr'>καὶ</span> <span class='ocrx_word' id='word_1_99' title='bbox 851 1947 927 2009; x_wconf 82' lang='grc' dir='ltr'>πᾶσι</span> <span class='ocrx_word' id='word_1_100' title='bbox 951 1946 1066 2028; x_wconf 72' lang='grc' dir='ltr'>βοήσει,</span> 
     </span>
     <span class='ocr_line' id='line_1_16' title="bbox 280 2042 1023 2144; baseline -0.005 -26"><span class='ocrx_word' id='word_1_101' title='bbox 280 2050 406 2128; x_wconf 88' lang='grc' dir='ltr'>Εὐθείας</span> <span class='ocrx_word' id='word_1_102' title='bbox 425 2051 582 2144; x_wconf 81' lang='grc' dir='ltr'>ἀτραποὺς</span> <span class='ocrx_word' id='word_1_103' title='bbox 601 2055 780 2141; x_wconf 87' lang='grc' dir='ltr'>ποιησέμεν,</span> <span class='ocrx_word' id='word_1_104' title='bbox 801 2042 853 2125; x_wconf 75' lang='grc' dir='ltr'>ηδ’</span> <span class='ocrx_word' id='word_1_105' title='bbox 874 2047 1023 2139; x_wconf 74' lang='grc' dir='ltr'>άπορίψαι</span> 
     </span>
     <span class='ocr_line' id='line_1_17' title="bbox 281 2147 989 2252; baseline -0.006 -26"><span class='ocrx_word' id='word_1_106' title='bbox 281 2147 329 2226; x_wconf 68' lang='grc' dir='ltr'>Ἐκ</span> <span class='ocrx_word' id='word_1_107' title='bbox 348 2151 475 2252; x_wconf 82' lang='grc' dir='ltr'>κραδίης</span> <span class='ocrx_word' id='word_1_108' title='bbox 494 2158 614 2244; x_wconf 88' lang='grc' dir='ltr'>κακίας,</span> <span class='ocrx_word' id='word_1_109' title='bbox 629 2158 682 2226; x_wconf 86' lang='grc' dir='ltr'>καὶ</span> <span class='ocrx_word' id='word_1_110' title='bbox 697 2150 790 2225; x_wconf 86' lang='grc' dir='ltr'>ὕδασι</span> <span class='ocrx_word' id='word_1_111' title='bbox 807 2151 989 2250; x_wconf 82' lang='grc' dir='ltr'>φωτίζεσθαι</span> 
     </span>
     <span class='ocr_line' id='line_1_18' title="bbox 177 2259 1093 2360; baseline 0 -29"><span class='ocrx_word' id='word_1_112' title='bbox 177 2266 240 2348; x_wconf 70' lang='grc'>340</span> <span class='ocrx_word' id='word_1_113' title='bbox 283 2267 351 2332; x_wconf 83' lang='grc' dir='ltr'>Πᾶν</span> <span class='ocrx_word' id='word_1_114' title='bbox 372 2259 468 2360; x_wconf 83' lang='grc' dir='ltr'>δέμας</span> <span class='ocrx_word' id='word_1_115' title='bbox 486 2265 664 2358; x_wconf 76' lang='grc' dir='ltr'>ἀνθρώπων,</span> <span class='ocrx_word' id='word_1_116' title='bbox 683 2266 744 2347; x_wconf 84' lang='grc' dir='ltr'>ἵνα,</span> <span class='ocrx_word' id='word_1_117' title='bbox 763 2265 952 2360; x_wconf 77' lang='grc' dir='ltr'>γεννηθέντες</span> <span class='ocrx_word' id='word_1_118' title='bbox 970 2261 1093 2351; x_wconf 84' lang='grc' dir='ltr'>άνωθεν,</span> 
     </span>
     <span class='ocr_line' id='line_1_19' title="bbox 280 2363 1075 2465; baseline -0.005 -25"><span class='ocrx_word' id='word_1_119' title='bbox 280 2376 404 2446; x_wconf 87' lang='grc' dir='ltr'>Μηκέτι</span> <span class='ocrx_word' id='word_1_120' title='bbox 423 2364 519 2464; x_wconf 80' lang='grc' dir='ltr'>μηδὲν</span> <span class='ocrx_word' id='word_1_121' title='bbox 537 2377 615 2452; x_wconf 83' lang='grc' dir='ltr'>ὁλως</span> <span class='ocrx_word' id='word_1_122' title='bbox 633 2399 669 2465; x_wconf 88' lang='grc' dir='ltr'>γε</span> <span class='ocrx_word' id='word_1_123' title='bbox 689 2368 915 2463; x_wconf 75' lang='grc' dir='ltr'>παρεκὸαίνωσι</span> <span class='ocrx_word' id='word_1_124' title='bbox 930 2363 1075 2454; x_wconf 87' lang='grc' dir='ltr'>δικαίων,</span> 
     </span>
     <span class='ocr_line' id='line_1_20' title="bbox 283 2465 1174 2572; baseline -0.003 -29"><span class='ocrx_word' id='word_1_125' title='bbox 283 2470 361 2565; x_wconf 76' lang='grc' dir='ltr'>(Τὴν</span> <span class='ocrx_word' id='word_1_126' title='bbox 378 2465 407 2543; x_wconf 79' lang='grc' dir='ltr'>δ’</span> <span class='ocrx_word' id='word_1_127' title='bbox 426 2477 462 2545; x_wconf 82' lang='grc' dir='ltr'>αὖ</span> <span class='ocrx_word' id='word_1_128' title='bbox 484 2476 716 2572; x_wconf 73' lang='grc' dir='ltr'>βαρόαρόφρων,</span> <span class='ocrx_word' id='word_1_129' title='bbox 736 2470 945 2567; x_wconf 84' lang='grc' dir='ltr'>πεπεδημένος</span> <span class='ocrx_word' id='word_1_130' title='bbox 965 2478 1174 2570; x_wconf 79' lang='grc' dir='ltr'>ὁρχηθμοῖσιν,</span> 
     </span>
     <span class='ocr_line' id='line_1_21' title="bbox 281 2575 1065 2678; baseline -0.003 -25"><span class='ocrx_word' id='word_1_131' title='bbox 281 2575 427 2675; x_wconf 76' lang='grc' dir='ltr'>Εκκόψας</span> <span class='ocrx_word' id='word_1_132' title='bbox 444 2579 536 2651; x_wconf 87' lang='grc' dir='ltr'>δώσει</span> <span class='ocrx_word' id='word_1_133' title='bbox 552 2577 691 2678; x_wconf 87' lang='grc' dir='ltr'>μισθόν)·</span> <span class='ocrx_word' id='word_1_134' title='bbox 711 2586 783 2653; x_wconf 88' lang='grc' dir='ltr'>τότε</span> <span class='ocrx_word' id='word_1_135' title='bbox 803 2595 888 2674; x_wconf 83' lang='grc' dir='ltr'>σῆμα</span> <span class='ocrx_word' id='word_1_136' title='bbox 912 2589 1065 2677; x_wconf 84' lang='grc' dir='ltr'>βροτοῖσιν</span> 
     </span>
     <span class='ocr_line' id='line_1_22' title="bbox 282 2677 1058 2785; baseline -0.003 -27"><span class='ocrx_word' id='word_1_137' title='bbox 282 2677 417 2760; x_wconf 60' lang='grc' dir='ltr'>λίσσεται</span> <span class='ocrx_word' id='word_1_138' title='bbox 438 2687 590 2781; x_wconf 72' lang='grc' dir='ltr'>ἐξαίφνης,</span> <span class='ocrx_word' id='word_1_139' title='bbox 610 2694 727 2760; x_wconf 84' lang='grc' dir='ltr'>ὁπόταν</span> <span class='ocrx_word' id='word_1_140' title='bbox 747 2695 977 2785; x_wconf 83' lang='grc' dir='ltr'>πεφυλαγμένος</span> <span class='ocrx_word' id='word_1_141' title='bbox 995 2685 1058 2768; x_wconf 79' lang='grc' dir='ltr'>ἥξει</span> 
     </span>
     <span class='ocr_line' id='line_1_23' title="bbox 180 2787 1115 2894; baseline -0.001 -28"><span class='ocrx_word' id='word_1_142' title='bbox 180 2799 242 2881; x_wconf 75' lang='grc'>345</span> <span class='ocrx_word' id='word_1_143' title='bbox 284 2787 332 2866; x_wconf 70' lang='lat' dir='ltr'>Ex</span> <span class='ocrx_word' id='word_1_144' title='bbox 349 2811 404 2894; x_wconf 71' lang='grc' dir='ltr'>γῆς</span> <span class='ocrx_word' id='word_1_145' title='bbox 427 2799 592 2893; x_wconf 76' lang='grc' dir='ltr'>Αἰγύπτοιο</span> <span class='ocrx_word' id='word_1_146' title='bbox 609 2801 702 2877; x_wconf 86' lang='grc' dir='ltr'>καλὸς</span> <span class='ocrx_word' id='word_1_147' title='bbox 717 2798 818 2876; x_wconf 82' lang='grc' dir='ltr'>λίθος·</span> <span class='ocrx_word' id='word_1_148' title='bbox 839 2803 869 2867; x_wconf 84' lang='grc' dir='ltr'>έν</span> <span class='ocrx_word' id='word_1_149' title='bbox 891 2793 919 2864; x_wconf 84' lang='grc' dir='ltr'>δ’</span> <span class='ocrx_word' id='word_1_150' title='bbox 935 2795 996 2890; x_wconf 82' lang='grc' dir='ltr'>ἄρα</span> <span class='ocrx_word' id='word_1_151' title='bbox 1015 2801 1115 2885; x_wconf 85' lang='grc' dir='ltr'>τούτῳ</span> 
     </span>
     <span class='ocr_line' id='line_1_24' title="bbox 284 2894 1061 3000; baseline -0.003 -27"><span class='ocrx_word' id='word_1_152' title='bbox 284 2911 367 2983; x_wconf 88' lang='grc' dir='ltr'>Λαὸς</span> <span class='ocrx_word' id='word_1_153' title='bbox 380 2902 549 2997; x_wconf 77' lang='grc' dir='ltr'>προσκόψει</span> <span class='ocrx_word' id='word_1_154' title='bbox 568 2894 724 2997; x_wconf 70' lang='grc' dir='ltr'>Εύραίων·</span> <span class='ocrx_word' id='word_1_155' title='bbox 745 2904 812 2978; x_wconf 82' lang='grc' dir='ltr'>ἔθνη</span> <span class='ocrx_word' id='word_1_156' title='bbox 833 2897 864 2969; x_wconf 86' lang='grc' dir='ltr'>δ’</span> <span class='ocrx_word' id='word_1_157' title='bbox 882 2907 1061 3000; x_wconf 84' lang='grc' dir='ltr'>άγεροῦνται</span> 
     </span>
     <span class='ocr_line' id='line_1_25' title="bbox 286 3005 1020 3109; baseline -0.003 -28"><span class='ocrx_word' id='word_1_158' title='bbox 286 3017 392 3106; x_wconf 54' lang='grc' dir='ltr'>Αὐτοῦ</span> <span class='ocrx_word' id='word_1_159' title='bbox 412 3019 569 3106; x_wconf 72' lang='grc' dir='ltr'>ὁφηγύσει.</span> <span class='ocrx_word' id='word_1_160' title='bbox 586 3014 649 3079; x_wconf 85' lang='grc' dir='ltr'>Καὶ</span> <span class='ocrx_word' id='word_1_161' title='bbox 662 3011 720 3109; x_wconf 80' lang='grc' dir='ltr'>γὰρ</span> <span class='ocrx_word' id='word_1_162' title='bbox 734 3014 811 3080; x_wconf 89' lang='grc' dir='ltr'>Θεὸν</span> <span class='ocrx_word' id='word_1_163' title='bbox 826 3005 1020 3105; x_wconf 80' lang='grc' dir='ltr'>ὑψιμέδοντα</span> 
     </span>
     <span class='ocr_line' id='line_1_26' title="bbox 285 3110 1105 3213; baseline -0.001 -27"><span class='ocrx_word' id='word_1_164' title='bbox 285 3123 461 3187; x_wconf 89' lang='grc' dir='ltr'>Γνώσονται</span> <span class='ocrx_word' id='word_1_165' title='bbox 474 3114 528 3187; x_wconf 75' lang='grc' dir='ltr'>διὰ</span> <span class='ocrx_word' id='word_1_166' title='bbox 541 3112 642 3207; x_wconf 82' lang='grc' dir='ltr'>τοῦδε,</span> <span class='ocrx_word' id='word_1_167' title='bbox 657 3121 708 3186; x_wconf 90' lang='grc' dir='ltr'>καὶ</span> <span class='ocrx_word' id='word_1_168' title='bbox 723 3120 861 3213; x_wconf 88' lang='grc' dir='ltr'>άτραπὸν</span> <span class='ocrx_word' id='word_1_169' title='bbox 879 3110 907 3186; x_wconf 82' lang='grc' dir='ltr'>έν</span> <span class='ocrx_word' id='word_1_170' title='bbox 930 3117 987 3210; x_wconf 80' lang='grc' dir='ltr'>φαῒ</span> <span class='ocrx_word' id='word_1_171' title='bbox 1003 3127 1105 3198; x_wconf 82' lang='grc' dir='ltr'>κοινῷ.</span> 
     </span>
     <span class='ocr_line' id='line_1_27' title="bbox 285 3220 896 3321; baseline -0.003 -27"><span class='ocrx_word' id='word_1_172' title='bbox 285 3220 379 3304; x_wconf 74' lang='grc' dir='ltr'>Δείξει</span> <span class='ocrx_word' id='word_1_173' title='bbox 393 3225 450 3321; x_wconf 79' lang='grc' dir='ltr'>γὰρ</span> <span class='ocrx_word' id='word_1_174' title='bbox 466 3221 544 3308; x_wconf 79' lang='grc' dir='ltr'>ζωὴν</span> <span class='ocrx_word' id='word_1_175' title='bbox 559 3227 678 3295; x_wconf 81' lang='grc' dir='ltr'>αἰώνιον</span> <span class='ocrx_word' id='word_1_176' title='bbox 697 3228 896 3314; x_wconf 80' lang='grc' dir='ltr'>ἀνθρώποισιν</span> 
     </span>
     <span class='ocr_line' id='line_1_28' title="bbox 181 3322 1062 3428; baseline -0.007 -24"><span class='ocrx_word' id='word_1_177' title='bbox 181 3329 243 3404; x_wconf 67' lang='grc'>330</span> <span class='ocrx_word' id='word_1_178' title='bbox 286 3322 464 3415; x_wconf 77' lang='grc' dir='ltr'>Εκλέκτοις,</span> <span class='ocrx_word' id='word_1_179' title='bbox 487 3334 610 3428; x_wconf 82' lang='grc' dir='ltr'>ἀνόμοις</span> <span class='ocrx_word' id='word_1_180' title='bbox 629 3326 663 3401; x_wconf 80' lang='grc' dir='ltr'>δὲ</span> <span class='ocrx_word' id='word_1_181' title='bbox 683 3338 717 3402; x_wconf 89' lang='grc' dir='ltr'>τὸ</span> <span class='ocrx_word' id='word_1_182' title='bbox 733 3345 792 3428; x_wconf 85' lang='grc' dir='ltr'>πῦρ</span> <span class='ocrx_word' id='word_1_183' title='bbox 812 3333 916 3401; x_wconf 81' lang='grc' dir='ltr'>αἰῶσιν</span> <span class='ocrx_word' id='word_1_184' title='bbox 935 3334 1062 3402; x_wconf 89' lang='grc' dir='ltr'>ε’ποίσει.</span> 
     </span>
     <span class='ocr_line' id='line_1_29' title="bbox 338 3429 1115 3536; baseline -0.006 -24"><span class='ocrx_word' id='word_1_185' title='bbox 338 3443 401 3512; x_wconf 82' lang='grc' dir='ltr'>Καὶ</span> <span class='ocrx_word' id='word_1_186' title='bbox 417 3442 488 3508; x_wconf 91' lang='grc' dir='ltr'>τότε</span> <span class='ocrx_word' id='word_1_187' title='bbox 508 3434 547 3514; x_wconf 80' lang='grc' dir='ltr'>δὴ</span> <span class='ocrx_word' id='word_1_188' title='bbox 563 3444 701 3536; x_wconf 83' lang='grc' dir='ltr'>νοσεροὸς</span> <span class='ocrx_word' id='word_1_189' title='bbox 720 3443 848 3527; x_wconf 71' lang='grc' dir='ltr'>ἰήσεται,</span> <span class='ocrx_word' id='word_1_190' title='bbox 865 3434 916 3516; x_wconf 75' lang='grc' dir='ltr'>ηδ’</span> <span class='ocrx_word' id='word_1_191' title='bbox 938 3429 1115 3534; x_wconf 80' lang='grc' dir='ltr'>ε’πιμώμους</span> 
     </span>
    </p>
   </div>
   <div class='ocr_carea' id='block_1_3' title="bbox 262 3642 1136 3857">
    <p class='ocr_par' dir='ltr' id='par_1_3' title="bbox 262 3642 1136 3857">
     <span class='ocr_line' id='line_1_30' title="bbox 285 3642 1136 3747; baseline -0.005 -22"><span class='ocrx_word' id='word_1_192' title='bbox 285 3642 438 3747; x_wconf 80' lang='grc' dir='ltr'>Βλέψουσι</span> <span class='ocrx_word' id='word_1_193' title='bbox 453 3647 488 3723; x_wconf 89' lang='grc' dir='ltr'>δέ</span> <span class='ocrx_word' id='word_1_194' title='bbox 504 3680 538 3720; x_wconf 89' lang='grc' dir='ltr'>τε</span> <span class='ocrx_word' id='word_1_195' title='bbox 553 3656 676 3743; x_wconf 88' lang='grc' dir='ltr'>τυφλοὶ,</span> <span class='ocrx_word' id='word_1_196' title='bbox 698 3656 777 3747; x_wconf 84' lang='grc' dir='ltr'>άτὸιρ</span> <span class='ocrx_word' id='word_1_197' title='bbox 796 3647 959 3739; x_wconf 89' lang='grc' dir='ltr'>βαδίσουσί</span> <span class='ocrx_word' id='word_1_198' title='bbox 976 3681 1009 3721; x_wconf 91' lang='grc' dir='ltr'>τε</span> <span class='ocrx_word' id='word_1_199' title='bbox 1028 3658 1136 3747; x_wconf 79' lang='grc' dir='ltr'>χωλοὶ,</span> 
     </span>
     <span class='ocr_line' id='line_1_31' title="bbox 262 3760 1044 3857; baseline 0 -27"><span class='ocrx_word' id='word_1_200' title='bbox 262 3835 264 3839; x_wconf 65' lang='grc'>,</span> <span class='ocrx_word' id='word_1_201' title='bbox 287 3763 396 3857; x_wconf 87' lang='grc' dir='ltr'>Κωφοί</span> <span class='ocrx_word' id='word_1_202' title='bbox 406 3768 434 3828; x_wconf 83' lang='grc' dir='ltr'>τ’</span> <span class='ocrx_word' id='word_1_203' title='bbox 447 3760 627 3845; x_wconf 81' lang='grc' dir='ltr'>εἰσαίσοοσι,</span> <span class='ocrx_word' id='word_1_204' title='bbox 642 3763 808 3839; x_wconf 79' lang='grc' dir='ltr'>λαλησουσ’</span> <span class='ocrx_word' id='word_1_205' title='bbox 825 3767 858 3828; x_wconf 88' lang='grc' dir='ltr'>οὐ</span> <span class='ocrx_word' id='word_1_206' title='bbox 871 3763 1044 3840; x_wconf 88' lang='grc' dir='ltr'>λαλέοντες.</span> 
     </span>
    </p>
   </div>
   <div class='ocr_carea' id='block_1_4' title="bbox 178 3953 1300 4178">
    <p class='ocr_par' dir='ltr' id='par_1_4' title="bbox 178 3953 1300 4178">
     <span class='ocr_line' id='line_1_32' title="bbox 178 3953 1298 4022; baseline -0.005 -12"><span class='ocrx_word' id='word_1_207' title='bbox 178 3986 208 3997; x_wconf 87' lang='grc'><strong>-</strong></span> <span class='ocrx_word' id='word_1_208' title='bbox 227 3961 286 4016; x_wconf 79' lang='lat'>³24,</span> <span class='ocrx_word' id='word_1_209' title='bbox 300 3972 353 4022; x_wconf 78' lang='lat' dir='ltr'><strong>sqq.</strong></span> <span class='ocrx_word' id='word_1_210' title='bbox 378 3956 501 4006; x_wconf 75' lang='lat' dir='ltr'><strong>Adventus</strong></span> <span class='ocrx_word' id='word_1_211' title='bbox 524 3953 615 4004; x_wconf 77' lang='lat' dir='ltr'>Christi</span> <span class='ocrx_word' id='word_1_212' title='bbox 627 3954 653 4004; x_wconf 87' lang='lat' dir='ltr'>in</span> <span class='ocrx_word' id='word_1_213' title='bbox 665 3964 750 4005; x_wconf 78' lang='lat' dir='ltr'><strong>terras.</strong></span> <span class='ocrx_word' id='word_1_214' title='bbox 767 3984 798 3992; x_wconf 91' lang='lat'><strong>—</strong></span> <span class='ocrx_word' id='word_1_215' title='bbox 817 3957 875 4011; x_wconf 78' lang='lat'>320.</span> <span class='ocrx_word' id='word_1_216' title='bbox 898 3971 951 4020; x_wconf 78' lang='lat' dir='ltr'><strong>sqq.</strong></span> <span class='ocrx_word' id='word_1_217' title='bbox 979 3954 1091 4020; x_wconf 79' lang='lat' dir='ltr'>AEnigma</span> <span class='ocrx_word' id='word_1_218' title='bbox 1105 3957 1135 4005; x_wconf 88' lang='lat' dir='ltr'>de</span> <span class='ocrx_word' id='word_1_219' title='bbox 1150 3956 1242 4016; x_wconf 50' lang='lat' dir='ltr'>christi</span> <span class='ocrx_word' id='word_1_220' title='bbox 1254 3972 1298 4005; x_wconf 86' lang='lat' dir='ltr'>no-</span> 
     </span>
     <span class='ocr_line' id='line_1_33' title="bbox 178 4038 1300 4108; baseline -0.004 -15"><span class='ocrx_word' id='word_1_221' title='bbox 178 4043 244 4093; x_wconf 85' lang='lat' dir='ltr'>mine</span> <span class='ocrx_word' id='word_1_222' title='bbox 259 4040 401 4107; x_wconf 82' lang='grc' dir='ltr'><strong>[ΙΗΣΟΥΣ].</strong></span> <span class='ocrx_word' id='word_1_223' title='bbox 414 4069 447 4080; x_wconf 93' lang='lat'>·-</span> <span class='ocrx_word' id='word_1_224' title='bbox 474 4043 531 4101; x_wconf 88' lang='grc'>336,</span> <span class='ocrx_word' id='word_1_225' title='bbox 555 4055 609 4106; x_wconf 81' lang='lat' dir='ltr'><strong>sqq.</strong></span> <span class='ocrx_word' id='word_1_226' title='bbox 623 4038 727 4091; x_wconf 77' lang='lat' dir='ltr'>loannes</span> <span class='ocrx_word' id='word_1_227' title='bbox 746 4039 837 4090; x_wconf 82' lang='lat' dir='ltr'>Christi</span> <span class='ocrx_word' id='word_1_228' title='bbox 851 4056 993 4106; x_wconf 60' lang='lat' dir='ltr'><strong>praecursor.</strong></span> <span class='ocrx_word' id='word_1_229' title='bbox 1008 4070 1038 4080; x_wconf 90' lang='lat'>-·</span> <span class='ocrx_word' id='word_1_230' title='bbox 1066 4046 1124 4100; x_wconf 68' lang='lat'>344,</span> <span class='ocrx_word' id='word_1_231' title='bbox 1140 4058 1193 4108; x_wconf 80' lang='lat' dir='ltr'><strong>sqq.</strong></span> <span class='ocrx_word' id='word_1_232' title='bbox 1209 4041 1300 4091; x_wconf 81' lang='lat' dir='ltr'>Christi</span> 
     </span>
     <span class='ocr_line' id='line_1_34' title="bbox 180 4125 415 4178; baseline -0.013 0"><span class='ocrx_word' id='word_1_233' title='bbox 180 4129 230 4178; x_wconf 82' lang='grc' dir='ltr'>νίιε</span> <span class='ocrx_word' id='word_1_234' title='bbox 250 4127 277 4177; x_wconf 85' lang='lat' dir='ltr'>in</span> <span class='ocrx_word' id='word_1_235' title='bbox 296 4125 376 4177; x_wconf 72' lang='lat' dir='ltr'><strong>terris.</strong></span> <span class='ocrx_word' id='word_1_236' title='bbox 387 4153 415 4162; x_wconf 93' lang='lat'>—</span> 
     </span>
    </p>
   </div>
   <div class='ocr_carea' id='block_1_5' title="bbox 179 4289 1300 4584">
    <p class='ocr_par' dir='ltr' id='par_1_5' title="bbox 179 4289 1300 4584">
     <span class='ocr_line' id='line_1_35' title="bbox 214 4289 1080 4354; baseline 0 -11"><span class='ocrx_word' id='word_1_237' title='bbox 214 4295 271 4343; x_wconf 66' lang='lat'>327.</span> <span class='ocrx_word' id='word_1_238' title='bbox 291 4289 367 4341; x_wconf 84' lang='lat' dir='ltr'><strong>codd.</strong></span> <span class='ocrx_word' id='word_1_239' title='bbox 384 4289 476 4340; x_wconf 83' lang='grc' dir='ltr'>δισσῶν</span> <span class='ocrx_word' id='word_1_240' title='bbox 497 4290 609 4354; x_wconf 76' lang='grc' dir='ltr'>ἀγγελων</span> <span class='ocrx_word' id='word_1_241' title='bbox 628 4289 667 4338; x_wconf 80' lang='lat' dir='ltr'>vel</span> <span class='ocrx_word' id='word_1_242' title='bbox 682 4291 726 4354; x_wconf 74' lang='grc' dir='ltr'>ἀγ·</span> <span class='ocrx_word' id='word_1_243' title='bbox 792 4293 849 4340; x_wconf 85' lang='grc'>333.</span> <span class='ocrx_word' id='word_1_244' title='bbox 869 4289 919 4340; x_wconf 81' lang='lat' dir='ltr'>efr.</span> <span class='ocrx_word' id='word_1_245' title='bbox 935 4291 1008 4350; x_wconf 76' lang='lat' dir='ltr'>infra,</span> <span class='ocrx_word' id='word_1_246' title='bbox 1024 4297 1080 4343; x_wconf 83' lang='grc'>380.</span> 
     </span>
     <span class='ocr_line' id='line_1_36' title="bbox 179 4364 1299 4434; baseline 0 -16"><span class='ocrx_word' id='word_1_247' title='bbox 179 4369 284 4434; x_wconf 66' lang='grc' dir='ltr'>τίλλων·</span> <span class='ocrx_word' id='word_1_248' title='bbox 295 4366 337 4416; x_wconf 66' lang='lat' dir='ltr'>ulii</span> <span class='ocrx_word' id='word_1_249' title='bbox 348 4364 433 4415; x_wconf 84' lang='grc' dir='ltr'>δισσόν</span> <span class='ocrx_word' id='word_1_250' title='bbox 447 4365 468 4412; x_wconf 84' lang='grc' dir='ltr'>τ’</span> <span class='ocrx_word' id='word_1_251' title='bbox 481 4366 592 4429; x_wconf 68' lang='grc' dir='ltr'>ἆγγιλωι</span> <span class='ocrx_word' id='word_1_252' title='bbox 602 4382 647 4415; x_wconf 81' lang='lat' dir='ltr'>nos</span> <span class='ocrx_word' id='word_1_253' title='bbox 658 4381 723 4415; x_wconf 82' lang='lat' dir='ltr'>corr.</span> <span class='ocrx_word' id='word_1_254' title='bbox 792 4368 848 4416; x_wconf 80' lang='grc'>335.</span> <span class='ocrx_word' id='word_1_255' title='bbox 869 4366 945 4416; x_wconf 86' lang='lat' dir='ltr'>Codd.</span> <span class='ocrx_word' id='word_1_256' title='bbox 963 4377 988 4417; x_wconf 82' lang='lat' dir='ltr'>et</span> <span class='ocrx_word' id='word_1_257' title='bbox 1001 4368 1056 4417; x_wconf 86' lang='lat' dir='ltr'>edd.</span> <span class='ocrx_word' id='word_1_258' title='bbox 1072 4369 1184 4427; x_wconf 86' lang='grc' dir='ltr'>ποιήσει,</span> <span class='ocrx_word' id='word_1_259' title='bbox 1198 4377 1225 4418; x_wconf 82' lang='grc' dir='ltr'>ιιι</span> <span class='ocrx_word' id='word_1_260' title='bbox 1238 4384 1299 4426; x_wconf 91' lang='grc' dir='ltr'>ιιοε,</span> 
     </span>
     <span class='ocr_line' id='line_1_37' title="bbox 215 4439 1300 4507; baseline 0 -13"><span class='ocrx_word' id='word_1_261' title='bbox 215 4445 273 4494; x_wconf 73' lang='grc'>332.</span> <span class='ocrx_word' id='word_1_262' title='bbox 290 4440 422 4507; x_wconf 78' lang='grc' dir='ltr'>Ειρεεεειιε</span> <span class='ocrx_word' id='word_1_263' title='bbox 431 4439 488 4506; x_wconf 68' lang='lat' dir='ltr'>ipsis</span> <span class='ocrx_word' id='word_1_264' title='bbox 495 4456 564 4507; x_wconf 79' lang='grc' dir='ltr'>ριεοε</span> <span class='ocrx_word' id='word_1_265' title='bbox 573 4440 662 4491; x_wconf 72' lang='lat' dir='ltr'>litteris</span> <span class='ocrx_word' id='word_1_266' title='bbox 671 4456 725 4490; x_wconf 78' lang='lat' dir='ltr'>ver·</span> <span class='ocrx_word' id='word_1_267' title='bbox 757 4457 816 4497; x_wconf 84' lang='lat' dir='ltr'>non,</span> <span class='ocrx_word' id='word_1_268' title='bbox 831 4443 896 4507; x_wconf 80' lang='lat' dir='ltr'><strong>quod</strong></span> <span class='ocrx_word' id='word_1_269' title='bbox 910 4444 967 4492; x_wconf 78' lang='lat' dir='ltr'><strong>olim</strong></span> <span class='ocrx_word' id='word_1_270' title='bbox 985 4443 1096 4493; x_wconf 76' lang='lat' dir='ltr'><strong>arbitrati</strong></span> <span class='ocrx_word' id='word_1_271' title='bbox 1108 4460 1216 4502; x_wconf 81' lang='lat' dir='ltr'>eramus,</span> <span class='ocrx_word' id='word_1_272' title='bbox 1230 4445 1300 4503; x_wconf 77' lang='grc' dir='ltr'>ποίη·</span> 
     </span>
     <span class='ocr_line' id='line_1_38' title="bbox 180 4515 1299 4584; baseline -0.001 -14"><span class='ocrx_word' id='word_1_273' title='bbox 180 4535 220 4570; x_wconf 80' lang='grc' dir='ltr'>ειεε</span> <span class='ocrx_word' id='word_1_274' title='bbox 232 4535 247 4569; x_wconf 85' lang='grc' dir='ltr'>ε</span> <span class='ocrx_word' id='word_1_275' title='bbox 259 4515 374 4570; x_wconf 69' lang='lat' dir='ltr'>umhm</span> <span class='ocrx_word' id='word_1_276' title='bbox 382 4531 437 4584; x_wconf 76' lang='grc' dir='ltr'>αφ.</span> <span class='ocrx_word' id='word_1_277' title='bbox 451 4519 477 4576; x_wconf 80' lang='grc'>4,</span> <span class='ocrx_word' id='word_1_278' title='bbox 488 4531 513 4565; x_wconf 83' lang='grc' dir='ltr'>ν.</span> <span class='ocrx_word' id='word_1_279' title='bbox 527 4520 568 4566; x_wconf 77' lang='grc' dir='ltr'>Π.</span> <span class='ocrx_word' id='word_1_280' title='bbox 758 4534 810 4566; x_wconf 90' lang='grc' dir='ltr'>σεν.</span> <span class='ocrx_word' id='word_1_281' title='bbox 820 4517 860 4566; x_wconf 76' lang='lat' dir='ltr'>Est</span> <span class='ocrx_word' id='word_1_282' title='bbox 870 4527 950 4568; x_wconf 80' lang='lat' dir='ltr'>autem</span> <span class='ocrx_word' id='word_1_283' title='bbox 960 4534 1026 4569; x_wconf 77' lang='lat' dir='ltr'>mem</span> <span class='ocrx_word' id='word_1_284' title='bbox 1036 4519 1176 4570; x_wconf 70' lang='lat' dir='ltr'>transeundi</span> <span class='ocrx_word' id='word_1_285' title='bbox 1187 4520 1299 4578; x_wconf 72' lang='lat' dir='ltr'>formula,</span> 
     </span>
    </p>
   </div>
   <div class='ocr_carea' id='block_1_6' title="bbox 0 0 1614 5310">
    <p class='ocr_par' dir='ltr' id='par_1_6' title="bbox 0 0 1614 5310">
     <span class='ocr_line' id='line_1_39' title="bbox 0 0 1614 5310; baseline 0 0"><span class='ocrx_word' id='word_1_286' title='bbox 0 0 1614 5310; x_wconf 95' lang='lat' dir='ltr'> </span> 
     </span>
    </p>
   </div>
  </div>
 </body>
</html>
