3186 5310
571 429 849 492 SlBYLLlNOllUbl
863 432 933 492 LlB.
947 432 997 491 xt.
1284 425 1344 489 369

317 542 465 649 Assyrius
477 562 561 626 venit
575 587 661 641 ecce,
679 564 816 628 nothum
827 564 1013 653 AEthiopem
1026 587 1082 627 ore
1095 564 1245 651 figurans,

235 667 294 730 180
317 667 421 731 Corda
434 669 534 734 ferina
551 694 676 758 gerens,
692 695 820 735 omnem
834 670 888 759 qui
899 670 1019 736 dividet
1033 670 1199 754 isthmum,

316 775 357 837 Et
367 774 447 839 sreta
465 776 611 861 trajiciet,
631 778 812 860 vehemens,
829 777 973 859 infestus,
990 776 1152 841 anhelans.

318 882 406 962 Quot
422 882 480 946 tibi
494 900 562 947 tum
578 883 697 960 clades,
712 884 874 947 incredula
889 883 1020 959 Graecia,
1036 886 1182 969 surgent!

317 987 443 1073 Infelix,
457 1006 593 1077 quantos
606 990 764 1067 effundes,
782 991 916 1073 Graecia,
931 973 1041 1055 fletus!

319 1093 489 1181 Octoginta
504 1118 623 1181 gemes,
641 1096 767 1174 misera,
781 1114 813 1161 et
830 1114 953 1185 septem
967 1097 1104 1185 amplius
1116 1118 1232 1177 annos,

235 1197 292 1261 185
317 1200 353 1261 lu
367 1200 509 1263 medium
523 1205 666 1290 projecta
677 1204 843 1267 ruentibus
854 1203 994 1291 undique
1006 1201 1108 1266 bellis.

362 1306 440 1369 lude
457 1308 665 1373 Macedonica
680 1309 811 1374 ferietur
824 1309 945 1375 Groecia
960 1309 1062 1394 clade,

288 1401 290 1404 ‚
318 1413 423 1494 Quam
438 1414 562 1478 Thrace
574 1432 696 1479 metuet
709 1415 901 1498 venientem,
916 1432 1010 1504 atque
1022 1415 1123 1479 insula
1137 1413 1250 1496 multa,

317 1520 575 1609 Continuumque
587 1499 703 1601 s‘olum,
719 1541 750 1587 et
763 1523 936 1611 gaudentes
950 1525 1054 1588 Marte
1065 1540 1209 1611 satrapae.

316 1628 462 1717 Namque
474 1630 541 1693 acic
557 1629 589 1692 in
601 1629 704 1719 prima
719 1631 817 1694 stabit
829 1629 948 1694 bellare
961 1647 1099 1718 paratus,

234 1756 293 1818 ¹90
317 1735 423 1816 Quem
435 1735 495 1798 tihi
507 1735 652 1823 designat
664 1753 739 1799 nota
752 1735 958 1824 quingenaria
971 1759 1090 1823 regem.

317 1841 379 1905 Sed
391 1842 461 1905 vitae
474 1842 627 1930 regnique
640 1842 745 1905 brevis
757 1841 884 1906 modus.
901 1844 973 1931 lpse
986 1841 1109 1930 potenti

317 1948 456 2037 Imperio
473 1968 642 2039 postquam
656 1950 736 2014 latos
754 1949 926 2038 subjecerit
940 1973 1045 2037 agros,

317 2057 437 2140 Perjuri
455 2057 547 2121 cadet
561 2081 636 2121 ense
648 2057 802 2140 satellitis,
818 2058 899 2123 heu!
919 2057 979 2121 sibi
995 2058 1123 2144 longam

316 2162 481 2226 Pollicitus
497 2163 607 2245 vitam,
623 2179 655 2226 et
673 2164 801 2251 qualem
813 2187 907 2226 uenio
918 2181 1003 2244 ante,
1016 2164 1155 2226 beatam.

234 2266 293 2352 195
362 2267 460 2331 Filius
472 2267 558 2331 hunc
571 2268 673 2348 forth,
689 2293 782 2357 quem
800 2268 888 2334 litera
907 2269 1009 2358 prima
1022 2268 1160 2348 notabit,

319 2374 486 2461 Excipiet:
503 2373 621 2462 duplici
637 2375 690 2462 qui
708 2392 815 2463 surget
832 2375 954 2462 origine
968 2375 1086 2463 dispar,

318 2481 349 2543 N
351 2505 392 2543 on
403 2482 418 2543 J
422 2505 494 2563 ove,
508 2505 573 2544 non
587 2487 743 2545 Ammoue
758 2500 864 2559 satus,
879 2500 986 2546 tamen
1002 2480 1147 2570 improba
1163 2479 1243 2542 fama

317 2587 433 2651 Divino
448 2588 488 2652 de
502 2603 592 2676 patre
608 2589 758 2668 nothum,
775 2588 946 2677 magnique
962 2605 1112 2677 nepotem

319 2695 445 2758 Saturni
458 2695 565 2783 finget.
587 2696 705 2759 Multas
720 2694 772 2760 ille
787 2712 877 2759 eruet
897 2677 987 2759 arces
1005 2724 1012 2759 z

232 2823 296 2863 200
319 2803 448 2865 Crescet
462 2801 494 2864 in
506 2803 641 2889 Europae
658 2801 803 2888 esitium,
817 2801 878 2865 vivi
891 2802 1003 2865 ulceris
1021 2801 1135 2874 instar3

319 2909 359 2971 Et
371 2931 520 2996 maguam
532 2907 694 2996 Babylona
712 2910 826 2972 urbem
839 2908 1020 2997 disperdet,
1038 2924 1070 2971 et
1082 2931 1223 2991 omnem,

320 3016 391 3097 Qua
408 3015 455 3078 sol
470 3038 605 3102 cumque
620 3015 698 3099 jaoit
710 3015 816 3078 radios
828 3014 999 3102 oriensque
1014 3013 1206 3101 cadensque,

320 3119 479 3183 Mundum
493 3118 658 3183 lustrando
672 3118 788 3182 subdet
804 3119 865 3182 sibi
885 3119 971 3182 solus
987 3136 1019 3181 et
1033 3141 1128 3184 uuus.

320 3227 375 3289 Voe
387 3226 456 3310 tibi,
475 3250 533 3308 vae,
553 3226 710 3315 llabylou,
726 3248 821 3289 curru
835 3224 958 3313 captiva
973 3223 1121 3304 traheris,
1189 3261 1194 3273 ι

231 3456 369 3506 Alexander
387 3457 494 3523 ltlagnus,
509 3474 597 3507 nomen
616 3458 647 3508 ah
661 3458 682 3506 A
695 3457 766 3506 litera
788 3454 917 3521 incipiens,
931 3453 997 3503 Darii
1016 3452 1094 3503 vietor
1115 3453 1174 3519 [qui
1187 3450 1344 3518 qualernario

231 3557 335 3590 numero
350 3542 516 3607 designabitur
534 3541 607 3601 infra,
627 3542 700 3606 208],
716 3540 806 3591 Persici
821 3540 887 3604 regui
901 3554 1006 3588 eversor.
1018 3567 1051 3575 -

270 3719 324 3766 196.
344 3717 420 3768 Codd.
430 3718 580 3784 ἀρχομένου,
591 3717 677 3768 omisso
687 3718 713 3767 δέ
722 3725 777 3783 post
810 3723 909 3770 centus,
924 3713 980 3778 quia
996 3712 1125 3778 Sibyllistae
1139 3712 1207 3774 ὁμῶς
1226 3727 1287 3776 saepe
1300 3719 1354 3776 post

232 3794 311 3856 γένος.
810 3791 899 3845 πάντες
907 3798 1034 3854 usurpant,
1045 3797 1072 3838 ut
1085 3788 1189 3836 Prooem.
1201 3786 1279 3850 8631,
1296 3789 1353 3845 101,

270 3869 325 3916 tut.
345 3865 395 3915 cu.
407 3865 438 3924 Υ,
451 3870 475 3926 l,
490 3875 514 3915 et
528 3866 586 3928 llll,
604 3870 626 3915 l.
811 3875 836 3915 ct
849 3865 945 3930 passim.

270 3945 325 3993 tut.
345 3943 420 3992 fodd.
435 3942 632 3991 discalciantem
647 3939 707 4003 (sic)
718 3956 724 3989 :
735 3955 778 3987 nos
845 3943 902 4000 200,
918 3956 969 4004 sqq.
986 3938 1021 3986 Ex
1032 3938 1080 3994 lll,
1095 3941 1152 3996 382,
1166 3936 1209 3987 uhi
1224 3936 1298 4000 ἄλγος
1309 3952 1355 4002 pro

233 4032 298 4066 corr.
323 4016 398 4067 Duxit
414 4026 494 4066 autem
510 4016 596 4064 Noster
616 4015 730 4081 pleraque
748 4015 778 4062 de
812 4019 889 4071 ἕλκος.
900 4015 949 4064 Nec
959 4014 1059 4062 velimus
1068 4013 1215 4069 flacciacile
1224 4013 1354 4060 damnate:

234 4093 372 4142 Alexandro
385 4109 415 4142 ex
430 4092 486 4142 libri
498 4092 579 4156 quinti
602 4092 680 4148 initio,
699 4101 779 4141 cetera
813 4090 897 4140 confer
908 4091 973 4139 enim
987 4089 1071 4137 llarcii
1083 4088 1143 4137 ratis
1153 4088 1278 4137 oraculum
1290 4087 1355 4152 apud

235 4184 266 4216 ex
278 4167 341 4217 libro
354 4168 397 4227 lll,
415 4173 471 4230 383,
485 4184 571 4232 nempe
584 4184 613 4216 ex
624 4168 704 4232 spuria
715 4167 780 4215 illius
814 4166 866 4216 Liv.
877 4165 947 4225 XXV,
958 4178 1012 4230 cap.
1027 4167 1067 4223 12,
1082 4163 1202 4213 Punicum
1222 4162 1355 4212 exercitum

234 4242 291 4292 libri
312 4253 395 4308 parte,
415 4243 566 4306 obscuroque
586 4242 655 4300 loco,
677 4258 721 4290 uec
734 4239 779 4290 sibi
813 4241 921 4290 vocantis
934 4240 1074 4289 «vomicam
1087 4255 1141 4303 quee
1162 4238 1270 4304 gentium
1288 4237 1356 4288 teuit

235 4318 345 4368 necabis
358 4327 414 4369 ante
425 4335 449 4367 se
461 4318 594 4376 intellecto,
607 4318 677 4382 eujus
687 4317 780 4382 aliquot
814 4340 825 4361 «ι
838 4318 907 4381 longe
919 4336 941 4364 ιι.

236 4409 317 4442 versus
337 4394 469 4458 (230-203)
497 4394 527 4442 de
552 4393 642 4458 populo
670 4391 779 4441 Romano
847 4397 904 4442 tut.
923 4391 958 4440 Ex
974 4390 1016 4451 lll,
1034 4393 1092 4449 att,
1107 4405 1143 4456 sq.

236 4469 347 4536 scriptos,
367 4471 397 4519 ad
418 4469 584 4519 Alexandrum
603 4469 711 4519 retulit:
737 4467 779 4518 sed
846 4472 904 4518 303.
923 4467 1000 4516 Codd.
1016 4467 1088 4530 μόνον
1105 4467 1187 4521 αὐτὸς.

236 4545 292 4595 tide
314 4555 367 4596 not.
391 4544 419 4594 ln
442 4547 509 4608 ὅμως
533 4555 658 4611 suspectus
680 4555 715 4594 est
738 4561 780 4595 ae·
847 4546 904 4592 20l.
924 4543 998 4594 Codd.
1016 4535 1043 4592 οἷ
1055 4537 1081 4591 al
1092 4541 1135 4590 καὶ
1150 4542 1205 4606 βαΰ.
