3186 5310
554 473 607 537 Al)
627 473 839 536 stultulus.
1205 488 1262 536 ην

143 608 238 674 minis
247 607 522 675 introductionem
531 631 632 698 quum
642 605 914 696 rerumpondere,
923 620 992 669 tum
1002 589 1098 669 eiiam
1110 603 1261 670 orationis

142 716 246 782 forma
261 715 425 781 eximiam.
440 714 567 800 Quibus
592 713 714 780 meritis
730 713 904 780 editionem
919 711 1088 777 adornavit
1109 710 1262 800 singulari

141 821 420 889 commendatione
433 822 579 912 dignam3
601 820 781 914 digniorem
797 843 945 912 quoque,
962 817 1021 885 nisi
1036 817 1261 910 superstitione

141 931 365 1022 manuscriptae
373 931 520 998 lectionis
538 947 571 997 et
584 929 691 996 nescio
705 953 770 1021 quo
790 929 835 994 rei
854 928 996 993 metricae
1007 950 1118 1018 graecae
1133 915 1261 992 ¹fastidio

142 1053 265 1103 textum
288 1037 472 1129 reliquisset
493 1034 757 1103 manifestissimis
776 1035 901 1102 mendis
917 1033 1214 1124 inquinatissimum.

185 1146 365 1210 Tentamen
395 1143 545 1210 editionis
572 1167 674 1226 novae,
704 1142 858 1209 hactenus
884 1140 1003 1209 librum
1030 1139 1170 1231 primum
1194 1164 1260 1206 non

141 1250 336 1343 excedentis,
355 1249 493 1316 necdum
509 1249 659 1316 subsidiis
675 1249 747 1316 ullis
762 1248 935 1326 instructae,
955 1272 1025 1337 quae
1041 1272 1059 1314 a
1075 1245 1260 1314 doctissimo

142 1357 212 1424 llic.
232 1357 436 1437 Volkmann,
451 1357 521 1423 viro
534 1360 602 1447 jam
618 1373 711 1423 antea
727 1356 767 1422 de
787 1354 918 1444 Sibyllis
932 1355 1015 1420 bene
1039 1353 1168 1437 merito,
1180 1377 1261 1445 pro-

140 1465 204 1530 lata
220 1488 276 1531 seu
291 1464 453 1556 praemissa
468 1480 517 1531 est
533 1462 641 1530 Sedini
654 1462 806 1554 (Stettin),
824 1463 918 1546 1854,
939 1460 987 1541 4⁰,
1005 1460 1133 1546 invitus,
1159 1461 1260 1528 donec

139 1572 240 1665 magis
257 1573 416 1666 integrum
431 1570 601 1665 prodierit,
618 1568 864 1662 praetermittere
879 1590 988 1657 cogor.

184 1682 305 1749 Octava
324 1703 410 1746 nunc
426 1704 486 1772 per
501 1703 554 1746 me
569 1677 681 1769 prodit
695 1677 808 1761 editio,
827 1699 922 1766 quam
941 1673 1041 1760 volui,
1064 1673 1173 1767 priore
1189 1697 1260 1742 mea

140 1788 333 1868 breviorem,
349 1809 415 1855 non
428 1785 503 1853 ideo
520 1783 695 1851 lectoribus
706 1783 813 1849 minus
824 1783 1030 1849 commodam
1041 1805 1145 1874 neque
1156 1781 1260 1850 doctis

138 1919 269 1984 prorsus
288 1894 406 1960 offerre
420 1893 578 1960 inutilem.
596 1892 685 1979 Quid
701 1890 734 1956 in
747 1893 808 1957 hac
822 1890 899 1956 mihi
914 1889 1150 1983 proposuerim,
1169 1890 1260 1956 initio

137 2000 335 2068 Praefationis
358 1999 432 2066 huic
458 1998 615 2065 volumini
643 1998 746 2064 affixae
771 1997 893 2063 monui.
919 1998 1079 2063 Promissa
1096 1997 1260 2088 quomodo

138 2108 352 2199 prestiterim,
386 2108 502 2174 ceteris
529 2105 740 2194 judicandum
766 2106 931 2193 permitto.
955 2104 992 2171 ld
1021 2128 1121 2170 unum
1149 2104 1259 2172 testari

138 2216 255 2299 audeo,
283 2213 363 2279 nihil
387 2238 440 2279 me
467 2238 526 2303 pro
543 2213 664 2280 viribus
684 2213 764 2277 meis
789 2211 967 2301 neglexisse
983 2212 1104 2301 quoad
1120 2211 1262 2279 illustra·

139 2319 298 2385 damnem
311 2319 499 2409 Sibyllinam
514 2319 634 2409 aliquid
655 2319 734 2384 lucis
753 2318 863 2383 afferri
877 2335 996 2408 posset.
1272 2314 1274 2321 ’

532 2476 670 2544 XVIII.
691 2475 869 2542 Conclusio.

181 2620 233 2686 Ne
248 2643 325 2685 vero
339 2636 388 2688 tot
408 2619 548 2710 undique
562 2635 747 2710 comparata
762 2618 904 2685 subsidia
921 2618 1039 2684 frustra
1053 2619 1128 2700 sint,
1145 2643 1259 2686 moneo

136 2750 245 2793 rursus
260 2745 355 2817 atque
371 2726 463 2794 enixe
479 2725 597 2792 suadeo
616 2725 704 2816 quod
716 2727 783 2812 jam
807 2750 890 2817 saepe
913 2727 1010 2805 suasi,
1028 2743 1065 2792 ut
1082 2727 1259 2819 Sibyllinos

135 2831 238 2901 libros
252 2834 277 2898 si
292 2833 363 2924 quis
379 2820 466 2899 intus
484 2833 665 2925 perspicere
684 2833 870 2917 meditetur,
890 2857 955 2899 non
969 2833 1203 2913 indifferenter,
1223 2851 1260 2901 ut

136 2939 168 3004 in
183 2941 277 3007 editis
293 2941 467 3006 collocatos
483 2940 653 3023 invenerit,
672 2957 727 3005 aut
744 2957 878 3023 temere,
901 2958 938 3006 ut
954 2940 1084 3006 obvium
1096 2965 1258 3033 quemque

137 3046 298 3130 habuerit,
325 3047 382 3113 sed
407 3069 447 3111 eo
468 3046 554 3135 legat
579 3046 691 3113 ordine
707 3070 803 3135 quem
831 3070 959 3137 semper
974 3046 1128 3138 proposui
1152 3071 1259 3139 neque
1306 3032 1308 3043 Ι

139 3175 278 3244 unquam
303 3153 378 3219 satis
401 3177 602 3244 proponam,
626 3176 743 3245 nempe
771 3178 829 3242 pro
849 3154 994 3245 ipsorum
1020 3170 1132 3234 aetate,
1161 3179 1259 3247 mam

137 3259 188 3325 vel
206 3284 244 3324 ex
260 3260 320 3325 hac
337 3261 404 3351 ipsa
423 3259 666 3326 introductione
681 3260 784 3345 facile,
812 3261 866 3351 qui
881 3259 1033 3345 voluerit,
1058 3260 1172 3330 discet.
1206 3262 1259 3329 Sic

137 3366 223 3453 enim
247 3365 428 3457 antiquiora
458 3366 560 3431 lacem
586 3367 819 3433 recentioribus
846 3365 1034 3457 proeferent3
1065 3365 1258 3459 interpolata

39 3524 45 3536 ,
136 3496 263 3539 sensum
274 3496 504 3562 nonnunquam
520 3472 665 3561 genuinis
682 3474 817 3539 reddent
833 3476 873 3538 ab
889 3473 965 3563 ipsis
980 3474 1057 3539 olim
1069 3491 1255 3564 acceptum3

136 3579 282 3645 locorum
297 3579 519 3646 obscuriorum
538 3581 679 3645 tenebrae
691 3581 819 3659 mutuis,
837 3596 989 3670 tanquam
1002 3604 1041 3647 ex
1047 3605 1146 3671 opaca
1157 3584 1256 3668 nube,

138 3687 316 3778 fulgoribus
333 3688 580 3754 interlucebunt.
601 3688 738 3755 Dabitur
752 3688 847 3754 etiam
858 3688 1055 3755 diversarum
1069 3688 1258 3780 opinionum

137 3810 234 3884 atque
261 3813 421 3861 sectarum
445 3795 584 3884 origines
603 3796 728 3885 plenius
753 3820 966 3888 cognoscere,
1001 3797 1077 3862 dum
1104 3797 1180 3888 ipsse
1198 3823 1258 3889 per

138 3902 298 3968 derivatos
323 3903 459 3968 invicem
476 3903 600 3969 canales
616 3901 815 3970 deducentur
838 3928 856 3970 a
874 3905 1037 3991 judaismo
1054 3903 1095 3969 ad
1109 3905 1258 3972 christia·

138 4008 288 4092 nismum,
315 4033 333 4074 a
357 4009 514 4098 primaevae
544 4002 698 4076 doctrinae
720 4009 902 4075 christianae
917 4009 1055 4100 puritate
1069 4009 1110 4075 ad
1128 4011 1258 4079 haereti·

137 4140 191 4182 cas
208 4141 263 4183 seu
283 4117 502 4183 schismaticas
526 4118 755 4184 abemationes.
780 4121 829 4184 lta
855 4134 951 4208 atque
981 4119 1040 4183 hac
1062 4136 1170 4186 mente
1190 4120 1256 4186 dis·

138 4226 257 4293 tributa
272 4242 381 4292 nostra
400 4224 541 4291 carmina
553 4250 618 4291 non
638 4228 738 4292 modo
761 4226 890 4316 cognitu
917 4226 1056 4307 utiliora,
1081 4230 1135 4295 sed
1161 4231 1257 4295 etiam

138 4333 219 4398 lectu
243 4333 435 4421 jucundiora
454 4332 609 4398 evadent:
629 4337 718 4421 cujus
740 4338 905 4424 utriusque
926 4334 1135 4401 emolumenti
1162 4358 1255 4402 causa

138 4437 282 4504 lectionis
302 4440 449 4506 ordinem
468 4439 558 4505 illurn
575 4441 679 4530 ipsum
693 4457 749 4507 ant
761 4442 813 4506 vix
831 4457 1000 4528 mutatum,
1021 4464 1116 4530 quem
1129 4440 1205 4507 olim
1223 4441 1256 4507 in

138 4547 281 4612 Excursu
296 4570 369 4613 meo
391 4547 433 4630 V,
446 4572 516 4639 cap.
537 4549 587 4636 18,
604 4549 767 4638 proposui,
785 4572 893 4614 rursus
911 4571 1081 4639 exponam.
