3186 5310
227 413 285 474 {30
551 420 813 480 ztorttttttutt
835 419 963 480 ΛΟΓΟΣ
983 418 1018 478 E.

336 562 457 630 Καύτοὶ
470 560 529 657 γὰρ
544 563 702 640 κακότητα
719 566 798 633 Θεοῦ
816 567 932 642 τέκνοις
951 564 1108 647 ἐποίησαν,

339 653 440 735 Ιθνίκα
454 661 601 749 Σιδωνίοις
621 672 761 754 βασιλεὺς
779 664 888 748 Φοίνιξ
906 673 1073 739 Γαλικανθν

340 752 462 869 Ιθγαγεν
480 780 516 842 ἐκ
535 776 641 870 Συρίης
658 779 773 855 πλῆθος
790 780 889 846 πολύ·
904 777 957 846 καί
977 768 1178 868 σι’φονεύσει,

340 883 428 957 Αὐτὴ
443 868 578 958 Paeon
594 909 640 965 τε,
659 885 712 950 καὶ
730 882 770 961 εἰς
788 886 878 976 φόνον
899 886 1103 979 ἡγεμονεύσει.

235 987 299 1053 205
393 974 487 1075 Ῐνδοῖ,
505 994 545 1080 μὴ
567 976 751 1084 [θαρσεῖτε],
770 990 821 1059 καὶ
841 990 983 1067 Αἰθίοπες
1002 990 1181 1084 μεγάθυμοι.

341 1079 438 1161 Ιθνίκα
454 1095 513 1190 γὰρ
533 1099 662 1177 τούτους
684 1093 794 1189 τροχός
813 1092 918 1176 ἄξονος
933 1095 1132 1190 αἰγοκιρίτης,

339 1202 457 1294 Ταῦρύς
473 1204 503 1267 τ’
522 1205 551 1268 ἐν
571 1195 713 1295 διδύμοις
728 1208 818 1295 μέσον
838 1206 960 1297 οὐρανὸν
981 1196 1136 1295 άμφιιλίξι

340 1308 492 1399 Παρθένος
507 1303 691 1394 ἐξαναύοῖσα,
712 1311 763 1378 καὶ
783 1317 867 1388 ἥλιος
887 1310 965 1402 ἀμφὶ
982 1313 1116 1403 μετώπῳ

340 1408 519 1520 [ἶηξάμενος
537 1410 647 1496 ζώνην,
669 1417 903 1510 πιριπάμπολον
919 1419 1125 1509 ἡγεμονιύση·

236 1543 301 1584 oro
340 1521 474 1629 {locem
490 1524 669 1617 ἐμπρησμὸς
686 1525 780 1618 μέγας
796 1523 921 1616 αἰθέριος
938 1522 1018 1590 κατὰ
1034 1528 1137 1614 γαῖαν,

340 1629 470 1719 Αστρων
486 1619 517 1693 δ’
531 1632 560 1694 ἐν
577 1629 721 1723 μαχίμοις
741 1633 828 1702 καινὴ
846 1631 947 1718 φύσις,
969 1631 1045 1695 ὥστ’
1063 1625 1231 1695 ἀπολέσθαι

342 1716 385 1798 Ev
399 1733 471 1823 πυρὶ
486 1738 537 1801 καὶ
557 1744 753 1828 στοναχαῖσιν
771 1740 843 1809 ύλην
864 1746 920 1831 γῆν
939 1735 1124 1808 Αἰθιοπήων.

392 1842 498 1932 Μύρου
518 1843 633 1929 καὶσὺ,
652 1842 791 1932 Κόρινθι,
808 1844 859 1909 τὸν
874 1847 903 1910 ἐν
922 1843 971 1909 σοὶ
988 1841 1097 1934 λυγρὸν
1113 1838 1246 1931 όλεθρον.

343 1928 440 2012 livino
455 1944 513 2040 γὰρ
533 1957 713 2042 στρεπτοῖσι
732 1949 833 2039 μίτοις
849 1950 963 2041 Μοῖραι
983 1938 1162 2040 τριάδελφοι

238 2052 300 2117 215
343 2053 560 2162 Ιρλωσάμεναι,
575 2058 728 2149 φεύγοντα
745 2047 829 2142 δόλῳ
846 2041 969 2147 Ῐσθμοῖο
989 2058 1060 2148 παρ’
1079 2055 1178 2144 ὀμφὴν

342 2153 457 2237 Αξουσι
474 2165 635 2255 μετέωρον,
654 2166 709 2240 ἕως
728 2154 867 2227 ἱσίδωσιν
884 2161 1018 2237 ἅπαντες

338 2268 399 2333 Τὸν
417 2265 514 2334 πάλαι
529 2266 703 2356 ἐκκόψαντα
721 2270 835 2360 πέτρην
851 2270 1024 2340 πολυάλατι
1042 2273 1160 2358 χαλκιῖι,

341 2371 404 2439 Καὶ
420 2374 473 2446 σὴν
492 2380 582 2466 γαῖαν
596 2379 671 2460 ὀλεῖ,
686 2375 738 2441 καὶ
757 2373 858 2459 κόθει,
875 2380 914 2451 ὡς
932 2374 1133 2463 προτόθειται.

341 2483 451 2565 Τούτῳ
465 2481 524 2574 γάρ
542 2506 589 2547 τοι
603 2473 684 2548 δῶκε
702 2482 780 2558 Θεὸς
799 2482 893 2572 μόνῳ,
914 2485 991 2545 ὥστε
1009 2489 1131 2554 ποιῆσαι

239 2605 305 2651 τοο
345 2581 408 2650 Οἷά
424 2611 470 2662 τις
485 2589 517 2652 οὐ
539 2587 685 2678 πρότερος
702 2594 763 2653 τῶν
781 2588 967 2676 συμπάντων
986 2588 1150 2666 βασιλήων.

346 2689 462 2784 Πρῶτοι
477 2693 531 2783 μὲν
547 2695 580 2758 ἐκ
595 2703 726 2784 τρισσῶν
739 2699 877 2785 κεφαλῶν
891 2693 942 2758 σὺν
961 2684 1098 2891 πληγάδι
1114 2677 1226 2786 ρίζ[ας]

340 2783 589 2890 [Σπασ]σάμενος
607 2796 757 2893 μιγαλως,
774 2800 885 2891 ἑτέροις
904 2791 1011 2864 δώσειε
1046 2787 1228 2891 πάθσασθαι,

341 2886 427 2969 (iore
443 2912 548 2996 φαγεῖν
567 2904 682 2996 σάρκας
697 2906 807 2999 γονέων
829 2907 977 2988 βασιλῆας
998 2906 1152 2999 άνάγνους.

343 3013 427 3076 ltin
440 3007 498 3104 γὰρ
516 3010 700 3103 ἀνθρώποισι
715 3012 802 3104 φόνος
820 3011 870 3078 καὶ
895 3005 1028 3101 δείματα
1047 3019 1159 3098 κεῖται,

237 3118 302 3186 225
342 3118 453 3185 Εἵνεκα
473 3127 529 3194 τῆς
548 3119 683 3212 μεγάλης
701 3119 830 3198 πόλεως,
850 3123 925 3185 λαοῦ
947 3143 981 3184 τε
998 3111 1130 3204 δικαίου,

342 3216 516 3315 Σωζομένου
534 3216 587 3290 διὰ
605 3225 734 3307 παντὸς,
757 3222 791 3290 θν
809 3218 914 3314 ἔξοχος
935 3219 995 3316 εἶχε
1013 3224 1152 3316 πρόνοια.

235 3415 267 3425 -—
279 3390 339 3445 205,
355 3402 408 3453 sqq.
423 3386 451 3439 lu
461 3387 588 3455 AEthiopns
602 3399 626 3439 et
639 3389 712 3439 lndos
725 3398 845 3439 astrorum
861 3387 977 3439 conflictu
991 3389 1118 3454 perituros.
1133 3419 1164 3427 -
1179 3392 1236 3443 213.
1251 3405 1308 3456 sqq.
1329 3393 1358 3442 ln

235 3470 382 3522 Corinthum
392 3470 441 3522 sats
452 3488 495 3521 sua
509 3472 651 3523 defletorum
661 3484 713 3523 tum
726 3489 802 3538 quum
811 3473 874 3524 uero
882 3472 1047 3524 Antichristus
1061 3472 1178 3524 Isthmum
1187 3471 1357 3541 perfodiet.-

237 3558 296 3617 210,
310 3570 364 3619 sqq.
384 3554 529 3606 Antichristi
539 3557 661 3622 potentin:
683 3557 734 3623 ipse
745 3557 881 3608 Antoninos
892 3567 993 3616 cremet,
1009 3573 1098 3623 eosque
1107 3557 1153 3607 sibi
1160 3558 1263 3607 invicem
1274 3561 1359 3611 tndot

270 3686 328 3736 202.
348 3684 425 3736 Codd.
440 3686 571 3742 σιδσνίοιςι
586 3702 630 3735 nos
641 3701 717 3748 corr„
727 3685 778 3752 pri-
809 3686 924 3736 audacter
937 3686 1052 3752 quidem,
1075 3695 1102 3735 nt
1116 3684 1190 3735 nlicui
1201 3686 1309 3753 primum
1321 3686 1359 3738 τί·

234 3759 318 3826 miquo
326 3760 355 3809 de
364 3760 509 3828 Vespasiano
525 3760 678 3827 interpretati
696 3777 779 3810 sumus
809 3761 907 3811 debitur
923 3779 928 3810 :
942 3762 982 3810 sed
997 3761 1042 3810 cfr.
1058 3761 1137 3825 inira,
1148 3765 1204 3821 385,
1225 3763 1358 3814 παύσασθε

234 3832 775 3901 RomanrsePhoenicelegionessdducente:
809 3838 923 3901 θράσους.
1002 3883 1008 3899 ,

232 3909 288 3959 vide
299 3919 352 3960 not.
842 3915 899 3961 200.
916 3912 986 3971 Ζώνη
1003 3928 1114 3976 quonam
1135 3910 1177 3960 hio
1195 3910 1358 3975 intelligatur,

268 3987 325 4035 200,
345 3984 403 4047 Quis
423 3986 464 4036 itte
484 3985 625 4036 Ravennam
637 3985 777 4052 opprimet?
808 4003 889 4052 quure
900 4003 929 4035 ex
941 4003 1011 4035 versu
1024 3987 1087 4036 infru
1098 3989 1155 4036 521.
1173 3985 1248 4050 Cujus
1259 3985 1361 4037 nomine

237 4059 339 4125 Hsgnus
359 4061 445 4126 utiquo
466 4077 590 4126 torusque
610 4061 660 4122 vir,
680 4063 778 4125 dequo
808 4063 925 4128 deceptus
942 4063 1012 4112 finxit
1026 4061 1072 4112 sibi
1090 4062 1184 4122 Noster,
1201 4060 1253 4110 iore
1266 4069 1295 4109 ut
1312 4060 1361 4114 im

233 4150 319 4202 ηφτιι,
329 4134 502 4193 Antichristus,
524 4135 571 4185 nisi
589 4135 718 4185 fallimur:
736 4136 779 4185 snt
809 4152 869 4186 zona
880 4138 916 4187 sol
929 4136 975 4186 sibi
989 4136 1217 4204 caputobnuberet.
1296 4163 1302 4176 ·

233 4209 289 4261 vido
303 4219 355 4260 sot.
843 4214 900 4263 211.
921 4212 972 4263 co.
985 4212 1059 4273 infru,
1074 4215 1132 4274 511,
1144 4226 1199 4275 sqq.

267 4288 325 4337 201.
344 4285 421 4335 Gom.
430 4283 503 4348 αὕτη,
512 4284 684 4341 sinesensu,et
697 4284 778 4335 intine
842 4291 900 4337 212.
919 4287 995 4337 Codd.
1012 4303 1110 4353 prorsus
1123 4295 1150 4336 ut
1163 4301 1207 4334 nos
1216 4323 1223 4349 ‚
1233 4285 1359 4351 nisiquod

231 4362 397 4427 ἡγιμύνιυσι,
407 4377 486 4426 quum
495 4371 576 4411 tamen
591 4361 705 4426 φονεύσιι
717 4377 778 4428 pru-
808 4361 833 4411 in
845 4363 894 4413 fine
906 4363 1023 4412 αῐθιόιιων
1038 4377 1083 4412 τοι
1097 4363 1122 4410 id
1133 4377 1211 4411 unum
1226 4376 1292 4412 corr.
1307 4361 1359 4414 Noe

231 4436 330 4487 mn't
343 4452 480 4486 :noscorr¹
810 4446 892 4488 tamen
902 4436 1008 4487 multum
1016 4437 1119 4487 offendit
1132 4455 1159 4488 τι
1171 4435 1199 4485 in
1211 4437 1358 4504 finesuper-

266 4513 324 4563 200.
344 4512 421 4562 florid.
444 4514 479 4577 μὴ
499 4512 633 4578 suposito:
650 4528 695 4562 nos
713 4528 777 4562 oorr.
810 4528 925 4575 nouum,
952 4521 979 4560 ut
999 4527 1060 4578 rope
1084 4512 1110 4563 in
1128 4510 1260 4578 Sibyllinis.
1285 4511 1356 4574 Quot
