3186 5310
559 448 844 513 SlBYLLlNORUM
864 445 937 512 LIB.
959 450 1038 514 xlv.
1295 450 1353 511 311

329 576 371 641 Et
383 599 479 666 grave
491 578 628 644 fervebit
640 596 750 670 stagna
763 582 805 648 ad
817 583 964 649 Maeotica
976 582 1110 664 bellum,

329 683 466 775 Propter
478 685 677 752 arundileras
692 688 778 779 ripas
793 705 999 780 extremaque
1012 689 1108 754 fontis

330 791 451 858 Pocula
462 792 620 875 Phasiaci,
635 791 751 860 llorent
762 795 818 860 ubi
832 795 940 861 mollia
959 810 1060 884 prata.

245 902 304 983 145
329 904 415 991 Ergo
429 900 545 965 cadent
557 899 649 964 multi
665 900 803 967 violenta
817 901 925 967 militis
940 900 999 967 ira.

329 1009 417 1072 Heu!
435 1029 532 1095 quam
547 1006 650 1072 multa
661 1005 767 1074 virum
782 1023 964 1073 sternentur
982 1029 1120 1096 corpora
1131 1004 1234 1070 ferro!
1268 1026 1271 1034 ·

328 1116 412 1178 Tum
425 1135 481 1177 rex
493 1112 526 1177 in
540 1111 725 1202 Scythicum
738 1137 839 1204 genus
854 1113 1057 1204 implacabile
1071 1111 1158 1177 bello

328 1221 425 1284 Arma
441 1233 628 1307 metumque
645 1218 749 1284 feret:
766 1219 897 1309 propria
914 1219 987 1285 dein
999 1234 1104 1282 morte
1117 1216 1246 1306 peribit.

372 1329 433 1389 Ast
447 1324 527 1390 alius
541 1342 661 1414 surget,
678 1349 776 1415 quem
788 1325 880 1391 litera
893 1341 1006 1414 quarta
1018 1323 1157 1407 notabit,

243 1430 305 1497 150
327 1430 385 1496 Vir
399 1431 515 1519 gravis,
531 1448 565 1496 et
582 1431 705 1497 cunctis
718 1432 927 1514 metuendus,
942 1430 1036 1521 quive
1052 1428 1246 1522 profundam

326 1537 471 1603 Armenii
485 1538 620 1627 glaciem
633 1555 747 1627 potant
761 1538 920 1604 currentis
932 1536 1057 1620 Araxis,

326 1643 431 1729 Quive
447 1661 563 1735 gerunt
577 1644 670 1711 bellis
683 1644 828 1710 interrita
844 1661 974 1733 pectora
991 1644 1108 1709 Persae.

326 1750 487 1817 Exsistent
501 1752 640 1817 Colchos
654 1751 737 1817 inter
751 1750 938 1841 validosque
951 1751 1100 1840 Pelasgos

326 1857 467 1923 Hostiles
480 1857 582 1941 furiae,
597 1858 701 1924 caedes
717 1858 923 1946 simulatque
938 1858 1106 1923 tumultus.

242 1962 301 2029 155
327 1963 357 2028 N
360 1987 397 2028 ec
410 1963 516 2029 minus
532 1981 564 2029 et
577 1954 724 2054 Pbrygiae
737 1962 905 2052 longaeque
919 1960 1125 2052 Propontidis
1138 1960 1236 2027 urbes

326 2069 448 2159 Vagina
466 2070 588 2136 sermm
603 2070 753 2160 eripient,
768 2092 941 2158 poenasque
956 2068 1100 2157 priorum

326 2176 448 2266 Sponte
463 2176 587 2242 dabunt
600 2176 769 2258 scelerum,
786 2175 865 2242 dum
877 2191 988 2240 mutua
1002 2175 1114 2239 lunera
1129 2172 1275 2243 miscent.

326 2283 410 2346 Tum
424 2285 511 2356 Deus
524 2307 564 2348 ex
577 2283 643 2347 alto
655 2281 782 2373 siguum
796 2280 985 2346 mortalibus
999 2280 1111 2370 ingens

324 2388 493 2472 Ostendet,
511 2389 618 2454 multis
632 2388 666 2453 in
680 2412 713 2453 se
727 2389 924 2454 vertentibus
936 2386 1042 2470 annis,

239 2493 300 2558 160
324 2495 472 2582 Ignotam
489 2495 653 2561 volucrem
664 2494 804 2577 Falcnm,
818 2493 906 2583 longi
920 2493 1028 2559 omina
1040 2493 1128 2561 belli.

324 2601 372 2664 Ac
386 2615 454 2664 tum
467 2624 524 2665 rex
535 2600 643 2666 avidas
659 2600 774 2666 infensi
790 2599 900 2666 militis
913 2600 976 2665 iras
1210 2677 1211 2680 Ἴ

323 2706 546 2796 Nequicquam
558 2706 661 2795 lugiet
677 2734 685 2771 ι
702 2730 786 2771 saevo
797 2706 892 2772 cadet
909 2729 984 2770 ense
996 2720 1194 2796 peremptus.
1248 2754 1251 2768 .

368 2811 450 2878 Exin
464 2811 692 2902 quinquaginta
709 2836 767 2878 suo
781 2813 837 2902 qui
852 2812 982 2878 nomine
995 2813 1136 2902 proefert,

323 2919 371 2984 Ex
386 2917 460 2984 Asia
474 2918 592 3001 veniet,
608 2919 719 2987 Martis
736 2918 845 3001 timor,
866 2942 940 2984 acer
952 2918 986 2983 in
1002 2917 1112 3002 armis,

237 3023 298 3090 165
321 3024 440 3090 Moenia
453 3024 508 3114 qui
524 3025 610 3089 bello
625 3024 746 3113 quatiet
757 3024 972 3113 pulcherrima
984 3026 1108 3093 Romoe.

322 3130 474 3213 Colchos,
489 3130 713 3220 Assyriosque,
731 3145 765 3194 et
775 3146 883 3219 pastos
896 3129 977 3195 lacte
990 3129 1205 3221 Agathyrsos„

323 3236 413 3302 Litus
425 3259 598 3303 arenosum
610 3237 752 3302 Thraces
770 3251 803 3301 et
817 3234 978 3326 inhospita
993 3235 1086 3300 Ponti

321 3343 466 3432 AEquora
480 3343 637 3429 subjiciet.
653 3344 776 3409 Tamen
790 3341 844 3407 hic
857 3365 987 3431 quoque
1002 3340 1111 3408 militis
1124 3341 1190 3409 iras

323 3449 538 3538 Nequaquam
549 3449 700 3538 eflugiet3
717 3448 863 3514 manibus
876 3447 932 3514 sed
943 3449 1089 3514 membra
1101 3448 1241 3515 cruentis

236 3576 299 3642 ¹7⁰
322 3554 480 3620 Dilaniatn
493 3556 673 3621 trahentur.
687 3556 736 3620 Eo
749 3571 826 3621 tunc
839 3555 919 3619 orba
934 3570 1103 3644 perempto

322 3663 427 3727 Roma
437 3661 558 3749 jacebit
569 3660 675 3752 inops,
691 3677 723 3726 et
733 3685 811 3751 gens
824 3663 909 3727 bene
921 3660 1019 3726 multa
1035 3658 1164 3750 peribit.

366 3767 456 3832 Alter
471 3770 513 3833 ab
523 3766 656 3858 AEgypti
668 3790 784 3856 magna
797 3767 929 3858 regione
943 3783 1107 3857 sequetur,

322 3872 380 3938 Vir
391 3874 496 3963 gravis
509 3890 542 3941 et
554 3875 744 3940 metuendus
758 3901 766 3938 ι
783 3874 837 3939 hic
852 3876 969 3939 obruet
986 3873 1105 3962 impete
1119 3874 1268 3958 Parthos,

269 4075 325 4161 166.
344 4075 456 4143 lgnotum
468 4075 520 4127 avis
531 4090 620 4125 nomen
636 4074 732 4140 φάλκη,
746 4073 777 4125 de
846 4076 960 4192 161.ἸΑιι
972 4073 1052 4142 potius
1070 4075 1253 4145 ἀγχιμαχητής,
1270 4087 1298 4130 ut
1313 4095 1354 4131 su·

231 4152 511 4268 quidiliilicoriirethic
528 4216 700 4276 venusinus,
718 4219 776 4277 166,
809 4145 901 4269 Ρηῐ1162.
917 4179 977 4267 Post
989 4219 1093 4280 γαλακτ.
1109 4235 1141 4268 an
1155 4219 1176 4268 τ’
1185 4217 1341 4272 addendum?

232 4301 287 4357 post
299 4308 373 4358 quern
384 4294 473 4360 legitur
485 4291 617 4343 additusiu
629 4308 679 4342 uno
693 4291 778 4342 codice
847 4296 902 4344 166.
927 4293 1014 4341 Versus
1035 4310 1065 4342 ex
1090 4297 1133 4345 161
1157 4295 1221 4344 male
1240 4293 1356 4358 iteratus,

231 4365 326 4418 alienus
344 4368 389 4418 iate
403 4367 430 4419 ὃν
454 4369 496 4419 scd
513 4369 652 4427 τεθνηῶτα,
667 4385 692 4418 κ.
706 4385 729 4417 τ.
742 4368 776 4427 l..
811 4367 883 4418 nimis
896 4376 962 4418 certe
974 4368 1135 4434 propinquus.
1295 4429 1300 4440 ⁸

233 4442 321 4494 melius
345 4443 410 4496 iulrr
430 4454 485 4514 post
502 4445 548 4496 166
570 4444 651 4494 locum
677 4442 778 4494 habitu·
849 4447 906 4495 166.
924 4442 1011 4492 Versus
1025 4442 1086 4493 alias
1099 4459 1198 4510 quoquc
1216 4461 1267 4496 non
1283 4448 1356 4498 senrel

233 4533 284 4571 rurs.
636 4584 641 4592 ι
814 4517 841 4569 in
852 4517 893 4569 his
907 4515 1000 4569 ultimis
1010 4518 1081 4571 libris
1089 4536 1244 4572 recursurus.
