3186 5310
443 384 731 451 srnnnnoaun
752 384 826 448 nn.
849 387 902 463 111,
924 388 943 469 a
963 393 1005 451 a

247 520 360 587 Omnis
372 522 466 612 plena
480 522 526 587 tui
541 522 630 612 regio
641 538 798 610 terraeque
812 519 986 611 marisque.

246 628 362 693 Nullus
372 628 432 692 erit
445 629 519 718 quin
536 646 579 708 te,
594 627 671 719 quin
685 651 792 693 mores
807 627 912 693 oderit
929 627 1023 712 istos3

246 737 287 799 Et
301 752 353 800 tua
366 752 450 799 terra
465 752 572 826 gemet
585 738 722 816 deserta,
741 735 840 799 altare
854 734 1014 816 relictum,

247 843 288 907 Et
310 842 416 930 magni
435 843 568 908 delubra
587 841 659 921 Dei,
680 841 825 931 murique
842 843 982 907 valentes

159 949 222 1038 275
247 949 363 1014 Omnia
380 949 579 1015 collabentur
593 948 695 1027 humi,
713 946 910 1014 sanctissima
927 949 1056 1040 quando

246 1056 371 1122 AEterni
386 1075 541 1145 praecepta
558 1056 617 1121 Dei
636 1072 798 1146 pertaesus,
812 1055 921 1121 inanes

247 1164 371 1228 Pro'nus
384 1163 524 1228 adorasti
539 1180 658 1228 statuas
671 1178 703 1228 et
717 1161 832 1227 inertia
847 1162 948 1250 signa,

246 1270 374 1335 Scilicet
389 1268 506 1333 oblitus
516 1268 689 1359 divumque
704 1269 936 1358 hominumque
948 1269 1077 1354 5110111,Ἰ

246 1377 406 1464 Foedaque
421 1394 605 1465 contempto
622 1394 746 1441 sectans
763 1373 849 1440 idola
865 1377 1023 1441 Tonante.

158 1485 223 1549 280
245 1485 331 1571 Ergo
353 1482 410 1547 tibi
426 1482 531 1548 decies
546 1500 695 1572 septenos
710 1482 788 1547 orba
811 1506 869 1571 per
889 1506 990 1548 annos

247 1589 412 1679 Squalebit
425 1590 518 1655 tellus
535 1613 709 1680 eversaque
725 1589 846 1677 templa
858 1590 1021 1677 jacebunt.

247 1698 310 1762 Sed
324 1698 428 1761 bouus
447 1696 578 1762 accedet
593 1714 643 1762 tot
656 1695 781 1762 damnis
802 1695 916 1778 exitus,
931 1714 964 1761 et
979 1697 1047 1763 laus

246 1806 349 1869 Dante
367 1808 437 1870 Deo
448 1828 558 1870 rursus
572 1803 721 1869 florescet
740 1802 891 1869 maxima.
909 1804 1018 1886 Quare

247 1911 384 2001 Legibus
399 1910 537 2000 antiquis
551 1928 658 2002 persta
669 1910 874 2001 Dominoque
888 1910 1002 1991 fidelis,

160 2019 222 2084 285
247 2021 358 2084 Donec
370 2041 472 2107 genua
488 2017 546 2083 tibi
561 2020 646 2084 Deus
663 2017 825 2082 incurvata
841 2017 966 2082 levarit.

290 2127 374 2190 Tum
387 2149 443 2189 rex
462 2149 480 2190 e
493 2123 571 2190 caelo
587 2123 701 2190 missus
716 2123 902 2202 descendet,
921 2140 957 2187 ut
973 2146 1085 2190 omnes

247 2232 405 2321 Sanguine
422 2250 454 2296 et
467 2233 539 2321 igne
555 2233 672 2321 probet
684 2230 800 2321 quibus
817 2246 866 2295 cst
882 2230 1026 2296 mortalis
1042 2230 1146 2319 origo,

247 2338 375 2428 Regalis
393 2339 497 2403 tribus
512 2353 572 2419 est,
589 2360 753 2426 nunquam
772 2335 953 2418 interitura,
971 2337 1028 2402 sed
1045 2337 1122 2402 olim

248 2448 302 2510 Jus
321 2444 469 2509 habitura
485 2443 553 2526 diu,
569 2442 891 2509 circumvertentibus
905 2442 1007 2510 aunis.

162 2576 225 2640 290
250 2552 307 2617 llla
320 2552 380 2616 Dei
394 2550 524 2641 incipiet
538 2568 728 2615 renovatum
741 2550 889 2615 attollere
901 2550 1070 2642 templum,

247 2660 299 2724 Ad
313 2659 401 2748 quod
415 2683 472 2723 rex
490 2657 595 2723 omnis
607 2660 776 2737 Persarum
787 2680 920 2722 munera
935 2657 1041 2723 mittet

248 2765 444 2831 Subveniens
458 2788 550 2847 auro,
569 2789 628 2830 nec
645 2763 723 2829 ferri
739 2781 793 2829 aut
811 2764 882 2830 aeris
898 2788 1012 2830 avarus
1032 2793 1039 2830 :

249 2872 301 2937 Sic
319 2871 438 2936 etenim
451 2888 610 2936 nocturna
622 2873 709 2938 Deus
725 2895 783 2960 per
795 2870 884 2961 signa
899 2870 1056 2936 monebit.

248 2980 290 3042 Et
303 2995 372 3043 tum
385 2993 494 3044 sancta
507 2979 635 3057 domus,
651 2978 751 3067 qualis
767 2977 827 3043 fuit
843 2995 929 3061 ante,
943 2996 1099 3068 resurget.

615 3201 838 3256 ***

163 3410 225 3499 295
295 3409 351 3496 [Ut
363 3408 442 3473 mihi
457 3408 564 3474 divino
580 3408 765 3498 requierunt
778 3426 909 3499 pectora
922 3428 1029 3492 cantu,

249 3517 393 3581 Orabam
405 3538 557 3604 magnum
573 3516 763 3604 genitorem,
778 3515 824 3581 vis
836 3517 1010 3582 utabesset

161 3712 207 3765 mis
221 3713 375 3780 interpolata,
390 3713 422 3762 ad
434 3712 554 3762 diversam
573 3711 674 3762 cumino
692 3711 810 3778 originem
823 3722 848 3762 et
862 3713 894 3763 ad
915 3712 1079 3765 Romanorum
1098 3714 1282 3782 imperatorum,

160 3795 292 3864 presertim
306 3795 495 3855 Antoninorum,
510 3804 605 3846 etatem
619 3795 753 3847 referenda.
770 3795 819 3848 cfr.
835 3813 889 3864 quae
902 3798 978 3849 multu
994 3799 1025 3849 de
1043 3815 1071 3848 ea
1084 3815 1111 3848 re
1124 3798 1245 3867 disputavi
1258 3799 1284 3850 iu

161 3878 222 3931 Ere.
237 3880 258 3930 v
272 3889 297 3931 et
318 3881 345 3930 in
358 3881 455 3930 mered
470 3879 517 3930 hoc
538 3879 651 3930 volumen
666 3880 820 3932 Praelatione.
836 3910 866 3919 —
881 3885 938 3942 295,
959 3899 1011 3949 sqq.
1029 3882 1152 3934 Transitio
1167 3884 1285 3951 [prorsus

161 3967 245 4016 eedem
258 3981 312 4032 quat
324 3965 387 4015 infra
400 3974 493 4030 quartae
510 3965 573 4030 parti
587 3965 758 4032 praemittetur,
782 3965 847 4015 viam
859 3982 947 4032 parans
964 3967 995 4016 ad
1009 3983 1049 4017 eas
1064 3967 1135 4017 urbes
1152 3979 1283 4035 gentesque

161 4064 215 4115 que
235 4048 283 4098 boe
304 4049 390 4099 ordine
408 4048 572 4114 sequenturJ:

171 4195 185 4213 ⁸
196 4217 254 4268 282.
272 4215 349 4265 Codd.
360 4215 419 4266 ἀλλὰ
430 4215 473 4280 μὲν
485 4215 518 4271 εἰς
527 4213 638 4277 ἀγαθοῖο.
772 4216 830 4264 tut.
850 4211 889 4262 An
898 4211 978 4280 potius
987 4214 1244 4282 κρίνει,1111111’111111,
1255 4225 1287 4266 ut

196 4293 254 4343 aaa.
273 4290 582 4356 concasnomen.
738 4287 873 4348 1111111,
888 4289 980 4356 steyn
991 4305 1053 4356 sape
1064 4291 1176 4357 praeno
1188 4307 1234 4358 pro
1245 4290 1284 4340 n·
1385 4283 1388 4287 ’
1472 4258 1475 4264 ’

196 4369 254 4420 286.
272 4364 707 4438 Kalretedfi‚a.a.l.llamdemcyri
740 4373 795 4414 turo
806 4374 898 4421 utente,
922 4375 1001 4416 metro
1021 4377 1102 4416 autem
1124 4383 1173 4417 non
1190 4367 1283 4433 ubique

163 4452 187 4494 et
198 4442 288 4493 llessiae
297 4443 464 4493 confusionem
474 4442 527 4492 vide
536 4441 602 4507 apud
611 4439 707 4500 lsa'iem,
740 4450 864 4508 parcente.
876 4440 926 4490 cn.
938 4441 997 4491 Eae.
1006 4451 1083 4492 nostr.
1092 4441 1145 4501 Vll,
1156 4460 1210 4511 cap.
1221 4447 1243 4495 l.

163 4534 217 4586 cap.
235 4524 276 4584 14,
286 4535 311 4569 v.
321 4519 379 4579 ult,
389 4528 414 4569 et
424 4520 465 4578 ts,
478 4533 502 4566 v.
516 4520 539 4577 l,
554 4531 608 4582 sqq.
775 4518 834 4575 295,
844 4532 898 4582 sqq.
909 4515 1037 4568 Hocnovae
1045 4519 1121 4586 partis
1129 4528 1163 4580 et,
1173 4529 1202 4570 ut
1210 4519 1287 4570 credi·
1313 4539 1316 4544 ·

1127 4619 1145 4675 7
