3186 5310
724 369 838 431 NOTAE

426 501 487 551 Cum
496 501 562 567 jacet
573 502 680 553 incultus
690 503 770 552 densis
783 501 809 551 in
821 499 935 567 vepribus
946 497 1021 549 orbis

428 586 548 653 llejicient
567 589 694 639 simulacra
714 588 776 650 riri,
791 597 904 637 cunctam
913 601 1010 652 quoque
1022 600 1112 651 gamm,

363 676 411 724 225
429 672 520 723 Exuret
533 673 689 738 tornigus,
701 683 862 740 pontumque,
873 670 1004 738 polumque

426 756 570 823 Inquirens;
584 756 641 806 tetri
649 767 732 824 portas
743 765 827 807 exuret
837 753 936 804 dromi.
968 759 971 767 '

428 839 573 891 Sanctorum
587 841 694 891 sedenim
707 849 801 891 cuncto
816 840 860 888 lux
873 838 949 888 libera
963 837 1031 887 carni

426 924 558 988 Tradetur3
571 936 651 977 sontes
662 937 779 977 eternum
791 925 887 995 flamma
899 921 1025 972 cremabit.

428 1007 542 1058 Occultos
555 1019 624 1060 actus
639 1019 748 1074 retegens
768 1019 827 1058 tunc
840 1006 941 1072 quisque
953 1007 1080 1070 loquetur,

363 1093 413 1141 2³0
429 1089 527 1142 Secreta
540 1102 615 1156 atque
626 1091 689 1142 lleus
702 1091 817 1142 reserabit
826 1100 923 1157 pectora
937 1090 995 1139 luci.

428 1175 496 1225 Tunc
503 1175 551 1225 erit
557 1185 582 1225 et
589 1176 683 1234 luctus;
694 1174 831 1226 stridebunt
842 1175 955 1224 dentibus
963 1189 1055 1223 omues.

429 1258 540 1325 Eripitur
548 1260 605 1309 solis
612 1259 696 1326 jubar,
706 1269 731 1310 et
745 1259 834 1310 chorus
842 1259 927 1309 interit
938 1259 1016 1308 astris.

429 1341 546 1392 Volretur
558 1343 658 1402 celum
671 1343 764 1392 lunaris
776 1342 891 1408 splendor
901 1340 988 1391 obibit.

429 1427 530 1493 Dejiciet
551 1428 639 1492 colles,
653 1427 726 1477 valles
744 1426 888 1477 extollet-eh
902 1426 966 1483 imo·,

366 1514 414 1561 235
431 1511 484 1562 Non
495 1511 542 1563 erit
554 1513 579 1561 in
588 1511 660 1562 rebus
668 1512 797 1562 hominum
805 1511 907 1561 suhlime
919 1510 956 1560 rel
969 1509 1060 1567 altum3

430 1596 484 1646 lam
498 1606 625 1662 equantor
634 1597 725 1663 campis
736 1606 844 1655 montes,
857 1605 881 1646 et
891 1596 978 1645 caeruln
990 1593 1060 1660 ponti

431 1679 519 1729 Omnia
533 1680 673 1741 cessabuut3
689 1681 760 1730 tellus
770 1680 893 1730 contrecta
905 1666 1002 1745 peribit.

432 1762 472 1813 stc
486 1763 577 1829 pariter
589 1764 668 1814 iontes
680 1773 813 1823 torrentur,
828 1764 977 1829 fluminaque
988 1762 1047 1828 igni.

431 1846 462 1897 Et
473 1848 533 1898 tuba
544 1859 603 1899 tuuc
614 1849 720 1898 sonitum
731 1848 825 1898 tristem
836 1849 947 1898 demittet
958 1847 990 1897 eb
1003 1848 1054 1896 alto

366 1935 414 1981 rto
431 1932 509 1991 Orbe,
520 1948 616 1998 gemens
627 1931 720 1983 lacinus
733 1931 848 1982 miserum
859 1932 987 1996 uariosque
998 1931 1101 1979 inhores.

430 2018 620 2084 Tartareumque
632 2018 705 2068 chaos
716 2018 862 2068 monstrabit
874 2028 938 2068 terra
950 2016 1084 2066 dehiscens.

434 2101 464 2152 Et
473 2118 555 2152 coram
563 2102 605 2151 hic
615 2100 717 2151 Domino
729 2116 795 2167 reges
804 2101 918 2151 sistentur
926 2100 957 2149 ad
968 2115 1052 2148 unum.

435 2184 535 2237 Recidet
548 2202 562 2236 e
573 2187 631 2236 celo
644 2184 753 2251 ignisque
766 2194 790 2236 et
803 2185 926 2253 sulphuris
939 2183 1024 2235 amnis.

268 2268 296 2318 lu
309 2269 356 2321 hac
365 2269 530 2331 translatione,
542 2270 714 2336 preteraliqua
725 2285 777 2319 me·
804 2280 840 2321 est
864 2270 923 2320 olim
943 2268 1064 2336 scripsiwe
1087 2266 1260 2334 interpretem,
1287 2253 1347 2317 iet

236 2342 268 2393 tri
285 2344 344 2395 vitia
357 2345 426 2395 uobis
443 2346 513 2411 parvi
528 2344 653 2404 habenda,
674 2344 778 2394 maxime
804 2341 1346 2411 tuha»,itejubentesententiarumatqueip-
1382 2346 1387 2356 '

235 2428 321 2470 notatu
336 2420 407 2486 digna
421 2431 477 2471 snut
487 2422 547 2471 hec.
562 2420 715 2487 Singulorum
725 2437 780 2470 ver·
806 2439 832 2471 so
845 2422 972 2472 literarum
988 2420 1082 2469 ordine.
1098 2418 1127 2468 ln
1147 2417 1234 2468 ultimo
1245 2417 1350 2483 denique

235 2511 305 2545 suum
318 2496 399 2560 initia,
411 2496 493 2560 qualia
504 2512 534 2546 ex
546 2511 624 2562 grreco
638 2495 709 2546 titulo
722 2511 780 2561 pro-
805 2514 876 2546 rersu
884 2497 978 2561 vulgata
985 2495 1031 2545 luit
1039 2504 1123 2559 estque
1130 2491 1321 2543 lectio«decidet
1328 2514 1348 2549 ι,

235 2570 335 2629 tilbert,
354 2587 422 2637 pene
448 2581 566 2636 tanquam
591 2587 659 2621 sacra
685 2586 780 2620 serrare
805 2571 876 2629 bene,
893 2572 912 2621 si
922 2571 953 2620 ad
965 2579 1069 2620 metrum
1083 2578 1108 2619 et
1121 2568 1227 2633 linguam
1236 2567 1348 2634 respicit·

235 2646 314 2696 voluit
327 2646 454 2712 interpres,
469 2645 551 2695 latinis
565 2655 659 2696 tautum
670 2660 780 2710 expresse
806 2656 855 2703 tur,
866 2647 929 2696 male
947 2645 967 2696 si
980 2645 1011 2695 ad
1025 2643 1165 2695 acrostichii
1183 2643 1260 2708 legem
1278 2651 1350 2708 atque

235 2720 322 2771 literis.
332 2719 396 2782 Quas
409 2721 485 2771 lutino
496 2720 601 2770 sermoni
615 2722 715 2771 deerant
729 2720 779 2769 ele·
806 2720 881 2786 ipsius
891 2719 1031 2788 interpretis
1041 2730 1147 2769 mentem
1160 2735 1167 2770 r
1182 2734 1239 2767 nem
1257 2713 1350 2784 poterit

237 2805 327 2854 mente,
342 2795 464 2861 supplerit
476 2793 541 2845 haud
554 2795 589 2846 ita
597 2795 709 2855 feliciter,
721 2803 748 2844 ut
760 2794 781 2845 si
806 2796 865 2861 illc,
886 2796 949 2846 sicut
960 2796 987 2845 in
1001 2795 1100 2845 vocibus
1118 2793 1173 2844 aliis
1192 2791 1348 2858 quibusdam,

237 2871 292 2934 quis
306 2887 336 2918 ex
353 2870 506 2920 acrostichiis
517 2870 617 2921 titulum
628 2869 728 2921 reficere
739 2886 782 2918 ve·
807 2871 936 2936 «relligio,
949 2871 1080 2937 relliquiae,
1096 2868 1191 2918 rettulit
1201 2891 1229 2927 ·,
1243 2883 1313 2933 posse
1326 2865 1351 2916 in

237 2945 276 3004 lit,
285 2943 416 2994 barbarum
423 2944 529 2996 inveniat
539 2962 545 2996 :
555 2944 781 2996 tesvcsoltttts-
807 2970 820 2989 u
828 2945 919 2996 recidet
927 2968 938 2990 ι
949 2962 1046 3013 quoque
1058 2945 1154 2994 literam
1162 2941 1281 3008 geminari
1295 2957 1351 2992 eoo-

237 3017 305 3070 TOS.
317 3019 387 3071 TEV.
402 3019 504 3071 DNlOS.
515 3020 627 3071 EOTER.
642 3020 704 3081 Quia
716 3019 778 3070 scili·
807 3031 942 3072 sonnntem.
954 3021 1029 3078 ldem,
1039 3036 1116 3085 quum
1127 3029 1232 3069 metrum
1244 3015 1353 3067 unatim

237 3105 277 3145 cet
286 3111 361 3161 graece
370 3112 417 3145 vox
430 3099 544 3147 ΙΗΣΟΥΣ
560 3113 600 3147 sex
611 3096 688 3147 literis
698 3095 782 3146 elfere·
808 3095 918 3146 -ecelis
933 3120 953 3155 n,
970 3095 1075 3146 scribere
1095 3093 1181 3144 moluit
1198 3107 1238 3141 «e
1255 3091 1318 3141 ctelo
1329 3113 1352 3149 ι,

237 3170 327 3231 batur,
347 3170 456 3236 quinque
478 3180 574 3223 tantum
590 3173 616 3221 iu
634 3172 709 3222 latino
724 3187 782 3221 cona
808 3172 911 3221 admisso
933 3170 959 3220 in
984 3187 1074 3220 cassura
1095 3168 1176 3227 hiatu,
1193 3182 1272 3233 greca
1286 3173 1354 3215 utens

237 3245 334 3305 tineus,
360 3262 406 3312 pro
431 3246 520 3298 tusvs
545 3247 641 3312 scripsit
663 3246 783 3312 interpres
806 3245 908 3296 licentia
924 3260 974 3310 quo
987 3244 1061 3310 magis
1074 3243 1354 3308 letineloqueoetur.—

237 3319 361 3380 IESVCS,
374 3320 531 3372 relutambes
539 3322 611 3388 graeci
620 3319 725 3386 sigrnntis
737 3321 783 3372 lot·
809 3320 841 3370 Et
851 3319 904 3369 heo
918 3319 1035 3380 hgctcnus
1051 3319 1082 3368 de
1092 3328 1195 3382 utraque
1212 3313 1355 3366 acrostichi·

237 3410 289 3445 mas
301 3395 320 3445 C
333 3405 358 3445 et
377 3397 395 3445 Σ
407 3406 578 3462 representare
590 3405 699 3446 conatus.
711 3396 783 3445 llein-
809 3394 846 3444 dis
856 3393 941 3452 lorma,
950 3408 1116 3459 quumgraeca,
1125 3402 1177 3442 tum
1190 3390 1277 3441 latinu.
1286 3387 1357 3464 Quod

238 3469 268 3519 de
279 3470 306 3519 in
317 3487 376 3520 voce
385 3473 467 3534 ΥΙΟΣ,
483 3487 560 3536 quum
570 3490 584 3520 u
594 3487 699 3536 grecum
708 3471 784 3521 latina
809 3470 856 3520 nisi
867 3470 920 3519 hrec
929 3468 1060 3535 prolixiora
1067 3469 1118 3534 jum
1130 3466 1269 3516 videreutur
1281 3481 1357 3530 quam

238 3544 425 3606 desideraretur,
444 3546 478 3595 ita
491 3545 565 3595 vertit
580 3555 695 3610 tanquam
710 3546 785 3612 scrip-
809 3562 855 3612 pro
868 3543 984 3610 simplicis
1003 3554 1065 3593 notae
1083 3543 1190 3602 modulo,
1209 3550 1359 3591 monstrare·

238 3630 292 3670 tum
303 3620 433 3672 invenisset
455 3624 567 3674 muoz:
580 3621 689 3671 viderint
706 3637 784 3686 grem·
811 3637 864 3669 mus
875 3619 909 3668 ibi
918 3619 1019 3669 alteram
1029 3616 1214 3668 acrostichidem
1223 3614 1360 3683 subpriore

239 3695 322 3745 malici
333 3697 420 3761 ecquid
434 3698 491 3746 inde
502 3696 580 3762 colligi
595 3695 669 3762 possit
678 3697 709 3745 de
720 3697 785 3746 anti·
812 3696 928 3744 latentem
950 3709 957 3743 ε
980 3694 1006 3743 in
1028 3693 1080 3759 ipso
1100 3691 1166 3743 enim
1187 3691 1258 3742 titulo
1280 3707 1360 3757 greco

239 3786 288 3835 qut
307 3771 458 3821 istiusliterae
466 3772 672 3838 pronuntiatione.
683 3769 786 3837 Sedjam
812 3769 898 3835 primis
918 3768 1074 3819 everborum
1101 3766 1180 3818 literis
1195 3783 1281 3817 rooem
1294 3764 1362 3816 effici

240 3845 285 3895 ista
293 3847 407 3912 pleraque
414 3857 519 3897 senserat
526 3847 625 3913 etpnrvi
632 3845 786 3896 duxerntdn·
812 3847 926 3907 mort,
939 3860 993 3909 quar
1004 3844 1079 3893 latine
1091 3852 1128 3892 est
1136 3865 1148 3887 ι
1158 3842 1230 3908 piscis
1240 3862 1253 3886 »
1268 3858 1275 3891 ι
1290 3842 1364 3909 cujus

240 3920 347 3985 gostinus
364 3938 369 3969 :
386 3921 436 3970 luec
448 3923 521 3972 etiam
532 3922 636 3971 minora.
652 3919 727 3969 Versu
737 3923 784 3971 232
813 3919 885 3985 piscis
892 3919 970 3985 imago
979 3918 1099 3968 delineata
1108 3955 1115 3978 ,
1125 3909 1259 3983 praesertim
1267 3916 1294 3966 in
1305 3915 1362 3982 epi·

240 3994 508 4063 «oonlmrtanscripsit
515 3998 643 4064 interpres,
654 3995 719 4045 unde
729 4012 788 4045 coo·
813 3995 919 4062 tephiis,
940 4010 1046 4060 quorum
1067 3992 1141 4043 hodie
1163 3994 1239 4043 multa
1251 4002 1364 4056 exstant,

239 4070 309 4135 jicias
324 4070 405 4134 legisse
416 4071 486 4122 illum
495 4071 659 4138 inexemplari
671 4086 714 4120 suo
728 4071 787 4138 ῥηχ·
813 4070 949 4136 symbolum
959 4067 1005 4119 luit
1013 4068 1150 4118 christiane
1156 4067 1288 4134 religionis.
1299 4065 1365 4117 Ter·

242 4147 320 4205 θεῖσα,
332 4145 461 4196 ubitertus
473 4145 788 4212 Eusebianushabetppog·
814 4145 848 4196 tia
869 4154 948 4212 posset
965 4143 1048 4194 allerri
1068 4143 1210 4193 acrostichis
1227 4158 1305 4207 grece
1315 4158 1367 4192 un-

242 4222 324 4281 θεῑσα,
350 4221 526 4272 «combusta».
551 4223 627 4273 Versu
648 4224 710 4281 239,
733 4221 788 4272 ceni
815 4220 893 4270 decim
910 4219 1018 4270 versibus
1037 4228 1148 4269 consttms
1169 4218 1266 4283 grecis,
1293 4218 1370 4281 cujus

243 4305 369 4345 consuerat
378 4296 404 4346 in
414 4296 534 4358 ecclesiis,
543 4298 606 4349 sicut
617 4298 682 4365 apud
696 4297 788 4363 hugus·
814 4296 909 4355 titulos,
922 4297 942 4346 si
956 4293 1105 4358 reticeretur,
1117 4294 1158 4345 hic
1171 4303 1232 4343 essct
1245 4309 1251 4342 ε
1263 4295 1368 4342 niort:

242 4370 320 4419 tinum
333 4371 428 4436 legitur,
444 4384 488 4424 «ct
500 4373 558 4424 tuhn
568 4391 595 4434 »;
606 4383 717 4439 apertum
731 4388 788 4422 vero
816 4375 865 4423 ΕΙΣ
880 4377 941 4431 nsst,
954 4372 1001 4421 hoc
1017 4369 1087 4420 initio
1103 4385 1109 4419 τ
1130 4368 1370 4436 Ἰχθύοςοὺρανίου,
