3186 5310
233 416 292 481 ³86
738 430 854 492 nora

232 556 284 600 toto
295 564 378 637 autem
391 559 438 611 hoc
450 562 777 628 argumento,amultisante
807 563 859 628 ejus
867 564 998 621 memoria,
1011 571 1037 611 ut
1047 559 1131 610 editui
1142 555 1254 608 barbaris
1265 552 1357 605 addicti

232 640 275 674 nos
292 644 319 677 rn
333 642 461 701 utramque
477 648 571 703 partem
584 648 687 699 versato,
702 656 732 689 ac
747 639 778 687 de
808 637 977 703 religionibus,
991 637 1068 698 inira,
1082 639 1144 695 223,
1156 650 1211 700 sqq.

232 703 345 756 omuibus
364 726 392 759 eo
415 713 593 776 pertinentibus
614 714 779 772 documentis,
841 717 898 774 2'll,
912 730 964 778 sqq.
980 714 1013 763 lle
1026 727 1146 762 novorum
1161 709 1292 759 Parsamm
1310 704 1356 754 im·

233 777 317 862 confer
326 785 448 850 praecipue
457 787 580 838 Sturzium
591 790 621 838 ad
635 790 717 839 Diouis
729 790 776 839 loc.
806 790 874 854 perio
896 791 973 855 deque
995 789 1092 839 incestis
1113 787 1212 836 illorum
1232 780 1356 838 moribus,

233 860 277 903 cst.
288 864 323 917 et,
335 860 378 924 qui
392 863 563 928 amplissimam
573 865 671 915 testium
682 865 779 930 copiam
807 865 865 914 item
883 866 913 914 de
930 865 1060 914 Alexandri
1079 862 1162 914 Seueri
1183 860 1292 910 infausta
1314 856 1357 906 ad·

232 929 362 993 produxit,
382 935 520 989 Fabricium
537 940 600 991 Bibl.
621 940 664 991 Gr.
678 951 738 991 tom.
752 939 777 999 l,
807 957 888 990 versus
897 941 961 1006 ipsos
974 940 1137 1006 expeditione,
1149 936 1233 987 hausit
1245 950 1290 984 sua
1301 932 1358 983 Nos·

234 1013 289 1071 pag.
301 1010 360 1069 314,
373 1011 413 1062 ed.
428 1013 495 1063 Harl.
807 1026 845 1066 ter
858 1034 888 1067 ex
899 1016 963 1066 libro
975 1017 1034 1077 vlt,
1045 1020 1085 1072 lb,
1098 1009 1160 1079 sqq,
1173 1012 1216 1061 ubi
1230 1010 1288 1060 ride
1304 1017 1355 1057 not.

248 1083 328 1165 .²³⁰’
343 1102 397 1152 sqq.
409 1089 454 1138 tlte
468 1107 551 1141 rursus
565 1092 656 1142 Christi
670 1100 780 1142 servato·
808 1098 845 1142 De
864 1093 982 1142 Laodicea
998 1101 1067 1141 terrae
1085 1099 1152 1139 motu
1171 1088 1209 1137 rel
1223 1087 1295 1137 hiatu
1313 1082 1357 1132 ab·

233 1171 267 1206 rte
280 1161 402 1212 natalibus
418 1165 556 1231 designatur
568 1169 670 1232 Augusti
685 1168 778 1233 priuci-
808 1168 941 1225 sorbenda,
957 1178 985 1218 ut
1003 1169 1033 1217 de
1049 1167 1111 1216 Asiae
1128 1164 1210 1232 spoliis
1230 1177 1315 1212 rursus
1331 1158 1356 1207 in

235 1241 315 1296 patus,
333 1236 396 1287 sicut
415 1256 499 1306 supra,
523 1247 564 1305 30,
588 1260 734 1310 sqq.,paene
753 1253 782 1292 ut
809 1244 889 1292 Asiam
902 1242 1083 1302 transferendis,
1095 1257 1156 1307 saepe
1164 1239 1247 1304 jamin
1257 1234 1358 1300 Sibylli·

234 1307 374 1374 loquentem
387 1316 472 1366 audire
484 1326 507 1367 te
519 1319 601 1367 credas
611 1320 718 1384 aliquem
728 1335 781 1367 nos·
810 1319 848 1368 nis
857 1319 948 1368 mentio
960 1318 1015 1368 luit.
1026 1318 1062 1367 Ile
1071 1326 1150 1367 morte
1159 1325 1240 1364 autem
1252 1311 1359 1361 Alexan·

234 1391 278 1434 trae
303 1388 427 1452 religionis
444 1403 581 1457 nostraeque
602 1395 680 1443 etatis
703 1395 779 1460 scrip·
809 1395 862 1452 dri,
883 1412 955 1460 quem
969 1394 1037 1458 lingit
1049 1394 1135 1442 Noster
1145 1391 1172 1440 in
1185 1389 1281 1439 oriente
1295 1385 1358 1436 oeci-

234 1465 320 1511 torem.
336 1462 386 1514 Nec
400 1466 450 1517 lere
463 1469 544 1528 aliter,
555 1469 616 1529 XIV,
626 1472 738 1534 281sqq.
809 1486 876 1527 sum,
903 1472 962 1519 dum
981 1469 1076 1518 ltaliam
1099 1476 1210 1533 repetere
1229 1470 1357 1530 properat,

267 1534 327 1599 ²332
341 1557 378 1605 sq·
392 1540 420 1590 ΙΙ]
432 1542 559 1597 Commodi
573 1534 781 1594 atate'desrnien·
809 1545 871 1593 nihil
884 1546 1033 1602 notandum,
1053 1543 1111 1609 quia
1127 1541 1184 1592 satis
1201 1557 1232 1589 ex
1248 1537 1360 1588 historiis

233 1610 285 1671 dt,
311 1631 384 1680 quem
413 1617 579 1669 Romanorum
610 1620 781 1687 imperatorem
810 1620 952 1669 manifestus
963 1637 1040 1670 error.

232 1687 354 1740 decimum
385 1708 478 1743 nonum
503 1694 640 1744 invenimus
671 1696 711 1745 hic
736 1714 781 1744 uu·
844 1701 904 1756 293,
922 1713 974 1762 sqq.
985 1697 1097 1762 Epilogus
1109 1693 1150 1742 hic
1162 1693 1199 1741 rel
1210 1690 1286 1757 ipsius
1297 1690 1360 1755 frag·

232 1774 352 1815 meretum
380 1768 456 1830 (sicut
489 1770 639 1820 Hadrianum
667 1772 781 1837 quintum
809 1783 889 1821 menta
901 1773 1019 1837 quadam,
1030 1781 1058 1820 ut
1071 1769 1203 1837 prasertim
1218 1770 1277 1827 269,
1291 1782 1357 1830 sqq,

233 1839 356 1890 decimum
369 1843 394 1892 in
412 1844 539 1910 Sibyllinis
554 1847 669 1912 ubique),
690 1848 781 1896 erravit
809 1865 881 1913 supra
901 1850 952 1913 jam
972 1858 995 1896 et
1014 1847 1050 1895 his
1065 1846 1163 1911 quidem
1180 1845 1242 1892 lecta
1263 1841 1358 1891 suntin
1387 1864 1390 1871 ·

232 1914 319 1966 Noster
337 1919 430 1983 aliquot
444 1921 523 1970 annis.
538 1922 598 1971 Nam
613 1923 682 1973 istius
696 1940 781 1973 necem
810 1923 868 1972 libri
893 1923 914 1972 ΙΙ
935 1924 983 1971 srne
1006 1933 1030 1971 ct
1056 1921 1121 1971 tertii
1150 1920 1235 1970 initio:
1259 1919 1303 1968 sed
1324 1917 1359 1966 ihi

230 1989 258 2040 in
275 2008 367 2042 annum
384 1995 480 2045 conlert
493 1997 536 2061 qui
553 2009 589 2048 est
608 1999 714 2048 Actiacae
728 2016 781 2048 aerae
811 1998 924 2048 larmiram
937 1999 1118 2064 interpolatoris
1133 2012 1231 2047 manum
1242 1995 1294 2059 jam
1308 1993 1359 2059 pri·

232 2069 296 2127 244,
312 2085 388 2133 quum
407 2070 432 2118 id
450 2070 541 2122 iactum
555 2075 626 2123 cadat
645 2075 670 2123 in
688 2092 780 2124 annum
810 2076 864 2124 dem
884 2075 1037 2139 agnovimus:
1052 2074 1093 2123 hic
1105 2073 1240 2139 plagiornru
1255 2070 1359 2119 istorum

229 2158 284 2192 aare
296 2143 435 2194 christianae
450 2149 505 2209 192,
522 2148 627 2198 hotiacae
642 2152 700 2199 222.
809 2149 927 2214 originem
936 2150 1148 2215 deprehendimus.
1163 2145 1282 2198 Conditor
1294 2144 1359 2196 enim

265 2221 324 2270 255.
343 2221 397 2270 Non
408 2221 435 2270 in
449 2221 548 2288 Assyria
560 2224 633 2289 periit
646 2225 725 2290 Niger,
739 2226 779 2275 sed
809 2225 933 2291 Sibyllina
948 2223 1106 2281 collectionis,
1125 2239 1200 2287 quum
1217 2220 1276 2271 talia
1291 2237 1359 2286 paene

230 2294 255 2344 in
271 2294 387 2362 Bithynia
401 2298 466 2363 apud
481 2298 610 2365 Cyzicum,
625 2301 780 2366 Propontidis
808 2301 936 2349 innumera
952 2300 1068 2365 farragini
1078 2316 1126 2348 snae
1136 2298 1261 2354 insereret,
1276 2313 1308 2346 ex
1320 2295 1360 2345 his

231 2371 329 2435 urbem,
343 2385 397 2440 post
411 2373 506 2424 attritas
520 2376 550 2424 ad
565 2376 707 2441 Byzantium
722 2394 779 2442 par·
807 2377 941 2443 prasertim
964 2376 1056 2425 ultimis
1076 2375 1144 2424 libn's
1167 2372 1264 2422 ΙΙΙ-ΙΙΙΙΙ
1282 2373 1360 2422 multa

231 2454 268 2497 tes
291 2447 419 2515 fugitivus,
440 2450 539 2500 fortasse
561 2452 619 2500 dum
640 2454 779 2519 Assyriam,
807 2452 951 2519 desumpsit,
972 2468 1018 2500 nec
1035 2451 1135 2501 lacinias
1158 2467 1171 2498 a
1196 2465 1221 2498 se
1246 2450 1360 2514 dereptas

231 2521 258 2572 id
271 2534 307 2574 est
323 2525 448 2589 hocloco,
468 2526 592 2578 Parthiam
606 2528 686 2593 petit:
698 2530 779 2594 Spart.
808 2529 959 2578 dissimulare
969 2545 1049 2594 operae
1060 2526 1165 2594 pretium
1174 2523 1251 2575 duxit.

231 2597 259 2649 iu
270 2599 354 2650 Severi
364 2602 413 2651 rita
426 2618 480 2669 pag.
497 2607 554 2663 343,
569 2605 607 2653 ed.
620 2604 677 2654 Var.

265 2678 323 2737 tot,
338 2694 373 2742 sq.
399 2678 450 2728 Cur
470 2689 512 2728 aut
536 2680 658 2745 quomodo
678 2680 781 2730 Severus
962 2691 999 2728 An
1018 2689 1119 2728 etatum
1136 2676 1202 2728 xlll.

231 2760 353 2801 terrarum
377 2753 454 2817 spolia
473 2755 624 2805 transtulerit
645 2755 672 2804 in
693 2754 780 2804 (lieu-

232 2835 296 2886 tem,
310 2827 442 2893 prasertim
458 2844 513 2893 erga
527 2845 556 2878 se
565 2830 628 2878 male
646 2830 781 2879 animatum
843 2835 868 2887 o,
882 2846 918 2894 sq.
934 2828 1034 2879 Possent
1042 2839 1172 2893 utcumque
1180 2842 1264 2876 carere
1271 2826 1299 2875 hi
1306 2842 1362 2876 rer·

233 2902 266 2952 ob
289 2912 414 2952 recentem
439 2903 506 2969 Nigri
528 2906 683 2966 memoriam,
709 2923 781 2955 nemo
809 2921 849 2954 sus
863 2906 955 2954 lacunae
976 2914 1044 2960 nota,
1060 2904 1123 2953 sieut
1142 2904 1169 2952 in
1186 2903 1366 2967 manuscriptis

148 3046 150 3055 γ
233 2977 305 3028 lacile
314 2978 442 3044 intelliget,
457 2979 503 3029 nisi
516 2980 589 3046 fingat
599 2980 657 3031 belli
672 2981 781 3031 Parthici
810 2998 893 3030 rerera
910 2990 1007 3042 carent,
1024 2980 1044 3029 si
1060 2979 1177 3029 orationis
1189 2988 1261 3028 tenor
1275 2978 1296 3027 is
1311 2978 1362 3027 lere

233 3070 305 3105 carisa
331 3071 430 3120 magnas
454 3056 570 3123 pecunias
595 3074 624 3107 eo
644 3068 780 3108 convectas.
810 3058 941 3122 fingeretur
955 3074 960 3104 :
975 3055 1067 3105 «lubet
1082 3055 1361 3105 melleivoluntasom·

234 3129 281 3181 Sed
302 3131 382 3182 verius
395 3142 431 3182 est
444 3133 507 3183 male
530 3133 717 3200 interpretatum
733 3152 782 3185 esse
811 3132 953 3198 nipotentis‚
961 3132 1080 3196 simulque
1088 3131 1286 3184 llarsriolentus,
1294 3130 1362 3180 lutu-

234 3206 349 3258 Nostrum
368 3208 501 3274 atquehuc
520 3208 618 3259 incaute
632 3210 782 3261 transtulisse
810 3225 849 3258 ras
870 3208 927 3256 belli
950 3223 1039 3256 cancre
1057 3207 1170 3256 clades.»
1192 3205 1239 3255 Sed
1256 3205 1366 3255 offendit

235 3285 361 3334 oraculum
372 3285 439 3348 qnod
452 3284 478 3332 in
487 3284 611 3350 prioribus
626 3286 729 3352 legerat,
742 3287 782 3346 ΙΙΙ,
811 3301 864 3346 nos,
874 3292 898 3332 et
906 3299 978 3348 quem
987 3299 1036 3331 non
1047 3281 1233 3331 ollerrdat?cum
1241 3280 1363 3331 Christia-

190 3366 193 3369 ’
239 3362 295 3419 lib,
308 3375 375 3425 sqq:
389 3359 432 3421 ΙΙΙ,
446 3363 502 3421 130,
517 3377 569 3425 sqq.
811 3376 899 3409 norum
910 3358 1097 3422 iudeorumque
1110 3357 1161 3406 Deo
1173 3356 1266 3422 optimo
1282 3356 1364 3407 maxi·

270 3438 327 3485 268.
347 3436 414 3486 Inter
424 3436 490 3484 hunc
502 3453 597 3485 versum
609 3446 632 3486 et
643 3447 782 3502 sequentem
811 3452 851 3484 mo
870 3435 933 3483 Mars
949 3433 1075 3500 gentilium
1096 3433 1131 3482 ita
1151 3433 1312 3497 conjunctus,
1334 3443 1365 3482 ut

234 3511 294 3561 latet
306 3511 333 3560 in
345 3511 432 3560 lacuna
449 3511 523 3560 trium
539 3511 678 3577 principum
691 3530 783 3562 anemo·
811 3527 932 3577 propser
949 3509 1001 3575 pari
1017 3525 1087 3574 agere
1104 3509 1242 3558 rideantur.
1257 3507 1296 3557 Ex
1310 3525 1363 3557 uno

234 3587 280 3644 ria,
296 3586 426 3636 Caracalla
435 3603 522 3652 nempe
531 3596 556 3635 ct
568 3588 634 3636 Getae
645 3597 669 3636 et
684 3588 781 3651 Helaga·
811 3588 884 3636 etiam
895 3585 1013 3635 Vaticano
1025 3584 1116 3641 codice,
1129 3584 1198 3649 cujus
1211 3583 1361 3633 mentionem

235 3662 297 3723 hali,
316 3662 437 3712 incertum
451 3662 519 3725 cujus
536 3661 634 3711 lectoris
652 3661 709 3711 odio
727 3681 782 3728 snp-
811 3663 876 3711 iuter
889 3662 968 3711 varias
979 3661 1094 3710 lectiones
1108 3659 1224 3719 lecimus,
1240 3659 1361 3709 indicium

235 3755 325 3806 pressa.
341 3739 407 3788 Getae
426 3738 538 3803 quidem,
554 3754 568 3785 a
587 3737 661 3785 fratrc
680 3739 781 3794 sublati,
812 3738 936 3787 sententiar
964 3736 998 3786 ibi
1024 3736 1167 3801 interruptae
1194 3735 1251 3783 duci
1271 3744 1362 3801 potest,

237 3831 325 3864 nomen
347 3814 446 3879 publico
458 3812 525 3876 jussu
545 3829 640 3861 erasum
659 3811 738 3862 lirerat
757 3813 783 3862 in
812 3813 853 3862 sed
875 3830 948 3879 quam
968 3816 1078 3862 certum?
1099 3811 1223 3860 Lacunam
1245 3827 1304 3876 ergo
1320 3810 1363 3860 hic

236 3890 348 3940 omnibns
365 3888 529 3938 monumentis
547 3898 595 3938 tarn
611 3887 740 3952 diligenter
757 3899 784 3939 ut
812 3889 989 3954 designavimus
1009 3887 1121 3952 ambiguo
1138 3887 1201 3952 jure,
1223 3903 1299 3952 quam
1320 3887 1363 3953 qui

235 3965 309 4016 etiam
319 3965 346 4014 in
358 3963 643 4030 AEgyptishieroglyphis
654 3962 783 4023 deleretur,
813 3976 863 4012 uon
876 3963 1026 4029 probauerit,
1040 3963 1146 4013 omittat.

235 4043 302 4109 quod
318 4039 439 4104 hodieque
458 4040 553 4106 antiqui
571 4039 659 4104 scalpri
681 4039 784 4104 vestigiis
847 4043 870 4087 8.
890 4038 925 4087 lle
939 4039 1027 4088 scelere
1041 4039 1179 4100 Maximini,
1199 4037 1241 4102 qni
1257 4039 1365 4088 Alexan-

236 4117 443 4184 deprehenditur:
453 4117 494 4165 sed
504 4115 566 4164 nihil
579 4115 625 4164 hoc
637 4116 667 4164 ad
678 4125 783 4164 nostram
813 4114 857 4162 dro
866 4113 994 4164 interfecto
1004 4114 1125 4175 successit,
1133 4115 1174 4162 rix
1183 4113 1277 4179 aliquid
1284 4115 1366 4164 obiter

235 4210 297 4245 rem
312 4194 347 4243 Ile
361 4192 507 4256 Helagabalo
522 4201 615 4240 eertum
629 4201 664 4240 est
679 4208 727 4239 nou
746 4207 784 4240 re·
812 4199 968 4239 attrectatum
982 4191 1067 4248 literar,
1079 4189 1132 4251 xil,
1144 4193 1201 4240 288.
1214 4191 1247 4239 lte
1256 4191 1365 4256 ejusdem

235 4269 332 4319 ticuisse
352 4269 520 4335 Sibyllistam,
537 4267 593 4332 quia
615 4277 739 4332 nequeunt
753 4267 784 4315 ad
813 4282 886 4329 regno
901 4265 976 4327 nihil,
992 4283 1041 4332 qno
1055 4267 1132 4330 major
1145 4266 1237 4314 lacuna
1247 4265 1363 4332 suspicio.

236 4344 312 4394 alium
332 4355 441 4410 spectare
462 4342 583 4408 sequentis
606 4359 688 4392 rersus
714 4358 784 4390 voces
813 4340 884 4389 Nunc
895 4342 1011 4390 Gordiani
1024 4341 1082 4401 duo,
1094 4359 1151 4390 aviis
1161 4351 1184 4390 et
1199 4342 1365 4406 pater,ambo

237 4420 383 4484 penultimae
396 4422 441 4470 σὺν
456 4421 501 4481 τῷ.
517 4418 597 4467 Pauca
608 4427 689 4466 tamen
703 4416 738 4466 ibi
754 4418 784 4466 dc
812 4416 840 4465 in
862 4417 944 4466 Africa
955 4434 971 4466 a
988 4417 1113 4466 Maximini
1130 4417 1212 4482 legatis
1233 4418 1345 4483 oppressi
1358 4458 1364 4475 ‚

236 4493 280 4546 illo
288 4494 386 4559 imum
395 4492 686 4558 canebantru,siqnidem
695 4491 784 4542 redibit
813 4492 897 4558 paucis
916 4491 997 4542 rerbis
1015 4501 1156 4558 tanguntur.
1176 4493 1270 4543 llorum
1288 4509 1367 4560 nepos
