3186 5310
551 423 833 486 sturtttuouutt
855 424 925 485 LlB.
948 423 1025 486 xlv,
1292 429 1351 488 tto

267 553 302 618 15
327 555 417 618 Heu!
435 553 571 635 miseris,
586 555 646 618 nisi
661 556 754 620 turba
767 579 881 620 canum
896 554 979 645 pede
994 572 1144 645 prompta
1155 551 1282 646 sequaci

328 660 482 725 Presserit
494 661 581 726 hunc
595 661 689 727 avido
702 686 761 751 per
774 663 883 743 valles,
900 686 958 751 per
968 664 1043 749 juga
1058 685 1152 728 eursu
1167 690 1174 726 :

326 766 462 857 Urgebit
478 768 600 833 catulus
611 769 819 858 populantem
832 786 976 833 armenta
990 769 1130 834 leonem.

368 875 450 938 Tum
465 897 520 937 rex
533 873 565 937 in
580 875 674 940 terris
685 893 793 964 surget
807 875 1041 964 tetrasyllabos,
1057 875 1162 940 audax

322 979 466 1061 Viribus,
487 1004 506 1045 a
520 982 658 1046 monade
671 982 837 1071 incipiens,
857 1007 951 1071 quem
970 983 1072 1047 ferrea
1086 981 1200 1047 Martis

258 1108 299 1148 20
323 1087 401 1151 Mox
416 1087 510 1151 feriet
523 1112 635 1153 manus
650 1105 682 1152 et
698 1089 805 1178 cupidi
821 1090 908 1153 furor
921 1088 1040 1154 efferus
1053 1090 1165 1154 hostis.

366 1194 460 1258 Hunc
474 1193 592 1282 gemini
606 1194 764 1285 excipient
780 1219 884 1284 reges,
901 1195 1031 1260 sortitus
1047 1212 1184 1284 uterque

322 1298 418 1386 Signa
434 1300 623 1386 quaterdeni
639 1301 777 1365 numeri.
796 1302 948 1367 Fecunda
962 1303 1022 1366 sub
1039 1300 1100 1366 illis

321 1406 387 1469 Pax
402 1405 504 1470 aderit
516 1406 651 1488 mundo,
670 1407 872 1496 populosque
889 1409 1050 1497 urbesque
1064 1408 1186 1489 beabit,

321 1508 447 1576 Jtistitia
461 1512 645 1580 comitante.
662 1513 726 1578 Sed
739 1513 826 1603 ipsos
843 1538 955 1603 aspera
969 1515 1056 1580 bello

258 1618 297 1683 25
322 1619 431 1683 'l'urba
444 1617 561 1700 virum,
580 1618 689 1684 sitiens
702 1619 771 1684 auri
783 1621 983 1710 argentique,
1000 1622 1147 1685 nefandis

325 1727 499 1814 Correptos
513 1726 677 1807 manibus,
697 1726 787 1791 rabie
805 1727 965 1816 discerpet
978 1727 1091 1794 atroci.

365 1834 406 1896 Et
422 1849 499 1897 tunc
511 1833 649 1897 bellator
662 1835 787 1921 juvenis
803 1857 886 1897 nova
901 1857 999 1921 regna
1016 1851 1171 1922 capesset,

322 1939 461 2028 Septeuo
476 1938 582 2004 decies
595 1963 731 2004 numero
747 1962 842 2028 quem
860 1939 951 2004 litera
967 1940 1070 2028 signat
1086 1964 1094 2004 :

322 2043 386 2127 Qui
402 2045 557 2133 populum
573 2047 697 2123 Romae,
713 2045 860 2110 violentis
877 2045 995 2111 efferus
1010 2045 1108 2127 ausis,

259 2150 301 2215 30
324 2150 483 2216 Militibus
497 2151 603 2216 tradet
615 2151 834 2233 lacerandum,
850 2168 982 2241 propter
1001 2169 1125 2217 atroces

323 2261 448 2346 Regum
463 2257 544 2333 iras3
560 2259 676 2351 urbem
690 2274 812 2321 evertet
826 2265 1020 2346 gentemque
1039 2259 1195 2326 Latinam.

322 2367 462 2429 Cernere
478 2368 544 2453 jam
557 2364 635 2429 nulli
651 2367 789 2428 Romam
804 2381 859 2428 aut
872 2363 983 2428 audire
999 2364 1123 2445 licebit,
1158 2443 1163 2449 ,

323 2471 435 2554 Qualis
449 2488 529 2555 erat,
546 2470 673 2560 qualem
687 2487 898 2560 conspexerat
912 2488 986 2536 ante
1004 2471 1118 2540 viator.

325 2577 440 2641 Omnia
456 2579 574 2667 quippe
588 2577 668 2642 cinis
682 2577 770 2659 licut,
788 2577 1023 2667 hominumque
1036 2579 1163 2645 labores

258 2685 298 2749 35
323 2685 458 2750 Hauriet
470 2684 552 2772 ignis
568 2684 666 2759 edam
683 2683 812 2773 quando
827 2684 1010 2772 indignatus
1024 2687 1065 2750 ab
1080 2686 1146 2753 alto

325 2791 507 2856 Descendet
520 2790 610 2869 caclo,
627 2788 837 2880 flammasque
856 2808 888 2856 et
902 2791 1035 2856 fulmina
1050 2793 1157 2858 mittet

324 2900 504 2963 Humanam
520 2896 554 2961 in
567 2897 694 2986 prolem
708 2900 795 2964 Deus
808 2899 1010 2980 immortalis,
1026 2916 1062 2965 ut
1076 2900 1148 2966 illos

324 3005 485 3069 Ardentes
500 3003 602 3092 ignes,
616 3005 676 3068 lros
691 3003 806 3093 frigida
822 3005 947 3093 fulgura
962 3006 1110 3093 perdant.

322 3115 382 3176 Ast
397 3111 618 3199 importunum
633 3110 815 3175 multahuut
834 3126 939 3175 morte
950 3128 1123 3199 tyrannum

257 3223 298 3296 do
324 3216 456 3282 Invalidi
473 3219 586 3281 Romee
599 3215 682 3280 cives
696 3215 862 3304 plebisque
876 3216 1008 3282 Latinae.

322 3323 381 3389 Cui
395 3347 454 3388 nec
468 3321 529 3387 erit
543 3346 599 3387 sua
613 3338 698 3387 terra
711 3321 805 3405 levis;
820 3322 877 3386 sed
889 3321 980 3386 triste
990 3322 1111 3408 jacebit

321 3430 510 3497 Ludibrium
529 3429 632 3494 ventis
647 3430 826 3518 projectum
838 3427 1013 3516 avibusque
1027 3426 1186 3518 lupisque,

321 3534 477 3602 Mavortis
492 3559 640 3626 magnam
654 3534 757 3600 voluit
769 3534 842 3623 quia
855 3534 992 3623 perdere
1006 3552 1146 3622 gentem.
1247 3625 1248 3631 ἵ

232 3700 333 3766 galatim
345 3697 456 3765 persequi
470 3706 494 3747 et
509 3696 609 3746 nomina
620 3695 665 3745 sub
677 3694 805 3746 literarum
818 3693 925 3744 numeris
943 3693 1064 3744 latitantia
1076 3694 1220 3762 exquirere,
1240 3711 1355 3761 superva-

232 3802 304 3835 cuum
318 3783 418 3851 quippe,
431 3778 582 3832 omittemus.
599 3809 629 3817 —

232 3921 335 3971 nempe:
347 3905 429 3967 Ῥώμη
442 3903 548 3953 δὀυκέτ’
558 3903 624 3952 ἐστὶν
637 3900 673 3950 ἔτι
688 3919 693 3949 z
710 3916 773 3949 corr.
844 3902 885 3949 ⁴0.
904 3901 1029 3965 Νηπίαχοι
1039 3899 1089 3959 bic,
1100 3910 1128 3949 nt
1140 3900 1207 3959 xiii,
1222 3904 1245 3960 i,
1257 3919 1306 3952 non
1318 3902 1357 3952 in·
1434 3913 1447 3935 ‘

232 3982 300 4042 nat,
313 3980 437 4040 liberiore,
452 3978 644 4044 primoquidem
665 3985 774 4040 aspectu,
810 3973 887 4023 lantes
900 3985 969 4029 sunt.
989 3977 1029 4024 sed
1047 3976 1116 4040 pueri
1132 3976 1184 4040 jam
1199 3979 1300 4041 grandes
1313 3979 1356 4043 qui

232 4067 296 4106 certa
311 4065 393 4106 tamen
405 4055 555 4118 conjectura.
570 4051 668 4115 Ῥώμην
683 4059 774 4108 autem,
810 4048 836 4098 in
848 4051 941 4114 magnis
954 4051 1057 4100 urbibus
1069 4049 1168 4100 initium
1182 4052 1309 4102 turbarum
1321 4054 1357 4103 ia·

230 4132 273 4182 ubi
291 4133 377 4196 Ῥώμη
392 4127 593 4193 utcumqueierri
609 4135 696 4192 potest,
725 4141 776 4174 res·
811 4141 865 4174 cere
881 4125 968 4174 solent.
988 4125 1014 4174 in
1034 4126 1083 4175 sine
1100 4126 1186 4183 Maius,
1211 4127 1292 4192 priore
1314 4145 1357 4178 aua

231 4207 336 4261 cribere.
345 4222 426 4272 neque
439 4205 490 4271 ipse
499 4219 571 4254 ausus
583 4212 619 4252 est
633 4217 711 4266 neque
724 4216 776 4251 nos.
810 4198 870 4251 libri
883 4199 938 4250 xiv
946 4199 1061 4255 editione.
1072 4217 1145 4266 quam
1158 4202 1287 4252 Mediolani
1298 4221 1355 4270 pro·

265 4287 305 4334 35.
325 4282 400 4332 Codd.
412 4279 532 4347 δλοςγάρ,
546 4277 674 4328 undeliai.
688 4271 776 4333 οὖλοςι
811 4276 879 4334 tulit,
891 4276 947 4325 λαοί
958 4292 986 4325 τε
1003 4277 1104 4327 Λατῖνοι
1120 4277 1250 4342 scripserat
1264 4295 1314 4330 non
1326 4296 1356 4330 er

231 4376 276 4409 nos
285 4375 348 4409 corr.
811 4351 882 4401 codd.
894 4352 936 4400 aed
950 4350 980 4401 de
988 4367 1042 4406 suo.
1052 4352 1119 4416 quod
1131 4362 1215 4417 postea
1223 4355 1338 4405 correxit.

265 4439 307 4487 39.
326 4433 403 4484 Codd.
431 4432 575 4482 κτανίουσιν
596 4447 602 4479 :
627 4428 669 4477 sed
692 4426 777 4477 confer
847 4431 886 4478 il.
906 4425 982 4478 Codd.
1001 4428 1199 4485 οὗτιτιθνηότιε
1214 4445 1279 4479 corr.
1299 4431 1356 4481 itai.
1406 4434 1410 4445 '

231 4512 305 4570 inira,
321 4514 361 4561 93.
