<?xml version="1.0" encoding="UTF-8"?>
<!DOCTYPE html PUBLIC "-//W3C//DTD XHTML 1.0 Transitional//EN"
    "http://www.w3.org/TR/xhtml1/DTD/xhtml1-transitional.dtd">
<html xmlns="http://www.w3.org/1999/xhtml" xml:lang="en" lang="en">
 <head>
  <title>
</title>
<meta http-equiv="Content-Type" content="text/html;charset=utf-8" />
  <meta name='ocr-system' content='tesseract 3.04.00' />
  <meta name='ocr-capabilities' content='ocr_page ocr_carea ocr_par ocr_line ocrx_word'/>
</head>
<body>
  <div class='ocr_page' id='page_1' title='image "./oraculasibyllin00alexgoog/oraculasibyllin00alexgoog_0115.png"; bbox 0 0 3186 5310; ppageno 0'>
   <div class='ocr_carea' id='block_1_1' title="bbox 339 425 1128 487">
    <p class='ocr_par' dir='ltr' id='par_1_1' title="bbox 339 425 1128 487">
     <span class='ocr_line' id='line_1_1' title="bbox 339 425 1128 487; baseline -0.001 -1"><span class='ocrx_word' id='word_1_1' title='bbox 339 425 379 486; x_wconf 83' lang='lat'>60</span> <span class='ocrx_word' id='word_1_2' title='bbox 667 426 926 487; x_wconf 75' lang='grc' dir='ltr'><strong>ΣΙΒΥΛΛΙΑΚΩΝ</strong></span> <span class='ocrx_word' id='word_1_3' title='bbox 947 426 1074 486; x_wconf 86' lang='grc' dir='ltr'>ΛΟΓΟΣ</span> <span class='ocrx_word' id='word_1_4' title='bbox 1096 425 1128 485; x_wconf 83' lang='lat' dir='ltr'>B.</span> 
     </span>
    </p>
   </div>
   <div class='ocr_carea' id='block_1_2' title="bbox 259 566 1366 2588">
    <p class='ocr_par' dir='ltr' id='par_1_2' title="bbox 259 566 1366 2588">
     <span class='ocr_line' id='line_1_2' title="bbox 450 566 1195 666; baseline 0 -27"><span class='ocrx_word' id='word_1_5' title='bbox 450 575 516 639; x_wconf 87' lang='grc' dir='ltr'>Οὐκ</span> <span class='ocrx_word' id='word_1_6' title='bbox 532 572 645 666; x_wconf 88' lang='grc' dir='ltr'>ἀγαθὸν</span> <span class='ocrx_word' id='word_1_7' title='bbox 661 566 827 653; x_wconf 79' lang='grc' dir='ltr'>πλεονάζον</span> <span class='ocrx_word' id='word_1_8' title='bbox 842 574 896 666; x_wconf 89' lang='grc' dir='ltr'>έφιι</span> <span class='ocrx_word' id='word_1_9' title='bbox 915 571 1067 647; x_wconf 75' lang='grc' dir='ltr'>θνητοῖσιν</span> <span class='ocrx_word' id='word_1_10' title='bbox 1087 571 1195 661; x_wconf 87' lang='grc' dir='ltr'>όνειαρ.</span> 
     </span>
     <span class='ocr_line' id='line_1_3' title="bbox 451 665 1281 774; baseline -0.002 -28"><span class='ocrx_word' id='word_1_11' title='bbox 451 665 477 746; x_wconf 73' lang='lat' dir='ltr'>H</span> <span class='ocrx_word' id='word_1_12' title='bbox 495 683 593 752; x_wconf 78' lang='grc' dir='ltr'>πολλὴ</span> <span class='ocrx_word' id='word_1_13' title='bbox 611 671 646 746; x_wconf 74' lang='grc' dir='ltr'>δέ</span> <span class='ocrx_word' id='word_1_14' title='bbox 658 683 755 773; x_wconf 78' lang='grc' dir='ltr'>τρυφὴ</span> <span class='ocrx_word' id='word_1_15' title='bbox 774 682 851 774; x_wconf 84' lang='grc' dir='ltr'>πρὸς</span> <span class='ocrx_word' id='word_1_16' title='bbox 871 681 1018 774; x_wconf 78' lang='grc' dir='ltr'>ἀμέτρους</span> <span class='ocrx_word' id='word_1_17' title='bbox 1041 683 1140 747; x_wconf 75' lang='grc' dir='ltr'>ἕλκετ’</span> <span class='ocrx_word' id='word_1_18' title='bbox 1157 671 1281 769; x_wconf 83' lang='grc' dir='ltr'>ἔρωτας.</span> 
     </span>
     <span class='ocr_line' id='line_1_4' title="bbox 450 773 1279 878; baseline -0.006 -25"><span class='ocrx_word' id='word_1_19' title='bbox 450 773 590 878; x_wconf 80' lang='grc' dir='ltr'>Ῠψαοχεῖ</span> <span class='ocrx_word' id='word_1_20' title='bbox 607 777 636 853; x_wconf 88' lang='grc' dir='ltr'>δ’</span> <span class='ocrx_word' id='word_1_21' title='bbox 654 793 670 854; x_wconf 88' lang='grc' dir='ltr'>ό</span> <span class='ocrx_word' id='word_1_22' title='bbox 693 790 787 867; x_wconf 87' lang='grc' dir='ltr'>πολὺς</span> <span class='ocrx_word' id='word_1_23' title='bbox 803 795 949 870; x_wconf 79' lang='grc' dir='ltr'>πλοῦτος,</span> <span class='ocrx_word' id='word_1_24' title='bbox 966 787 1019 854; x_wconf 87' lang='grc' dir='ltr'>καὶ</span> <span class='ocrx_word' id='word_1_25' title='bbox 1037 790 1065 867; x_wconf 82' lang='grc' dir='ltr'>ἐς</span> <span class='ocrx_word' id='word_1_26' title='bbox 1083 782 1168 877; x_wconf 79' lang='grc' dir='ltr'>ύύριν</span> <span class='ocrx_word' id='word_1_27' title='bbox 1187 777 1279 862; x_wconf 78' lang='grc' dir='ltr'>ἀέξει.</span> 
     </span>
     <span class='ocr_line' id='line_1_5' title="bbox 346 894 1211 988; baseline 0.001 -28"><span class='ocrx_word' id='word_1_28' title='bbox 346 895 406 960; x_wconf 81' lang='lat'>135</span> <span class='ocrx_word' id='word_1_29' title='bbox 449 894 552 984; x_wconf 84' lang='grc' dir='ltr'>Θυμὸς</span> <span class='ocrx_word' id='word_1_30' title='bbox 567 894 769 987; x_wconf 76' lang='grc' dir='ltr'>ὑπερχόμενος</span> <span class='ocrx_word' id='word_1_31' title='bbox 783 895 893 988; x_wconf 80' lang='grc' dir='ltr'>μανίην</span> <span class='ocrx_word' id='word_1_32' title='bbox 910 896 1079 987; x_wconf 88' lang='grc' dir='ltr'>όλοόφρονα</span> <span class='ocrx_word' id='word_1_33' title='bbox 1101 894 1211 985; x_wconf 87' lang='grc' dir='ltr'>τεύχει.</span> 
     </span>
     <span class='ocr_line' id='line_1_6' title="bbox 449 984 1240 1097; baseline 0.013 -31"><span class='ocrx_word' id='word_1_34' title='bbox 449 984 535 1094; x_wconf 77' lang='grc' dir='ltr'>ὒργὴ</span> <span class='ocrx_word' id='word_1_35' title='bbox 556 993 585 1067; x_wconf 84' lang='grc' dir='ltr'>δ’</span> <span class='ocrx_word' id='word_1_36' title='bbox 603 1003 685 1069; x_wconf 87' lang='grc' dir='ltr'>έστιν</span> <span class='ocrx_word' id='word_1_37' title='bbox 704 996 810 1097; x_wconf 81' lang='grc' dir='ltr'>ὄρεξις,</span> <span class='ocrx_word' id='word_1_38' title='bbox 828 1000 1052 1096; x_wconf 81' lang='grc' dir='ltr'>ύπερόαίνοοοα</span> <span class='ocrx_word' id='word_1_39' title='bbox 1074 994 1121 1083; x_wconf 80' lang='grc' dir='ltr'>δὲ,</span> <span class='ocrx_word' id='word_1_40' title='bbox 1143 1010 1240 1093; x_wconf 64' lang='grc' dir='ltr'>μῆνις·</span> 
     </span>
     <span class='ocr_line' id='line_1_7' title="bbox 450 1100 1278 1204; baseline -0.001 -31"><span class='ocrx_word' id='word_1_41' title='bbox 450 1112 546 1186; x_wconf 81' lang='grc' dir='ltr'>Ζῆλος</span> <span class='ocrx_word' id='word_1_42' title='bbox 558 1116 621 1175; x_wconf 91' lang='grc' dir='ltr'>τῶν</span> <span class='ocrx_word' id='word_1_43' title='bbox 640 1109 762 1203; x_wconf 82' lang='grc' dir='ltr'>ἀγαθῶν</span> <span class='ocrx_word' id='word_1_44' title='bbox 778 1111 893 1198; x_wconf 84' lang='grc' dir='ltr'>έσθλὸς,</span> <span class='ocrx_word' id='word_1_45' title='bbox 908 1113 1029 1204; x_wconf 98' lang='grc' dir='ltr'>φαύλων</span> <span class='ocrx_word' id='word_1_46' title='bbox 1047 1100 1083 1177; x_wconf 88' lang='grc' dir='ltr'>δέ</span> <span class='ocrx_word' id='word_1_47' title='bbox 1100 1134 1135 1202; x_wconf 85' lang='grc' dir='ltr'>γε</span> <span class='ocrx_word' id='word_1_48' title='bbox 1154 1112 1278 1202; x_wconf 84' lang='grc' dir='ltr'>φαῦλος.</span> 
     </span>
     <span class='ocr_line' id='line_1_8' title="bbox 448 1207 1294 1312; baseline -0.002 -33"><span class='ocrx_word' id='word_1_49' title='bbox 448 1214 559 1306; x_wconf 88' lang='grc' dir='ltr'>Τολμα</span> <span class='ocrx_word' id='word_1_50' title='bbox 577 1227 677 1283; x_wconf 82' lang='grc' dir='ltr'>κακῶν</span> <span class='ocrx_word' id='word_1_51' title='bbox 695 1222 786 1294; x_wconf 77' lang='grc' dir='ltr'>ὀλοη·</span> <span class='ocrx_word' id='word_1_52' title='bbox 808 1217 929 1312; x_wconf 82' lang='grc' dir='ltr'>ἀγαθῶν</span> <span class='ocrx_word' id='word_1_53' title='bbox 946 1209 982 1283; x_wconf 89' lang='grc' dir='ltr'>δέ</span> <span class='ocrx_word' id='word_1_54' title='bbox 1001 1241 1048 1310; x_wconf 89' lang='grc' dir='ltr'>γε,</span> <span class='ocrx_word' id='word_1_55' title='bbox 1065 1207 1158 1294; x_wconf 82' lang='grc' dir='ltr'>κῦδος</span> <span class='ocrx_word' id='word_1_56' title='bbox 1176 1207 1294 1293; x_wconf 79' lang='grc' dir='ltr'>ὀπάζει.</span> 
     </span>
     <span class='ocr_line' id='line_1_9' title="bbox 449 1315 1366 1416; baseline -0.007 -27"><span class='ocrx_word' id='word_1_57' title='bbox 449 1323 562 1408; x_wconf 76' lang='grc' dir='ltr'>Σεμνὸς</span> <span class='ocrx_word' id='word_1_58' title='bbox 581 1323 652 1415; x_wconf 76' lang='grc' dir='ltr'>ἔρως</span> <span class='ocrx_word' id='word_1_59' title='bbox 669 1325 796 1416; x_wconf 76' lang='grc' dir='ltr'>ἀρετῆς·</span> <span class='ocrx_word' id='word_1_60' title='bbox 822 1315 893 1392; x_wconf 78' lang='grc' dir='ltr'>όδέ</span> <span class='ocrx_word' id='word_1_61' title='bbox 913 1315 1085 1416; x_wconf 73' lang='grc' dir='ltr'>Κύπριδος,</span> <span class='ocrx_word' id='word_1_62' title='bbox 1109 1319 1215 1414; x_wconf 86' lang='grc' dir='ltr'>αἶσχος</span> <span class='ocrx_word' id='word_1_63' title='bbox 1236 1320 1366 1410; x_wconf 71' lang='grc' dir='ltr'>ὀφέλλει.</span> 
     </span>
     <span class='ocr_line' id='line_1_10' title="bbox 349 1412 1219 1523; baseline -0.003 -26"><span class='ocrx_word' id='word_1_64' title='bbox 349 1437 410 1512; x_wconf 79' lang='grc' dir='ltr'>ιιίο</span> <span class='ocrx_word' id='word_1_65' title='bbox 452 1412 539 1507; x_wconf 67' lang='grc' dir='ltr'>Ιθδὺς</span> <span class='ocrx_word' id='word_1_66' title='bbox 562 1429 758 1523; x_wconf 87' lang='grc' dir='ltr'>άγαννόφρων</span> <span class='ocrx_word' id='word_1_67' title='bbox 781 1435 978 1507; x_wconf 67' lang='grc' dir='ltr'>κικλήσκεται</span> <span class='ocrx_word' id='word_1_68' title='bbox 999 1434 1027 1497; x_wconf 84' lang='grc' dir='ltr'>ἐν</span> <span class='ocrx_word' id='word_1_69' title='bbox 1046 1433 1219 1506; x_wconf 66' lang='grc' dir='ltr'>πολιήταις.</span> 
     </span>
     <span class='ocr_line' id='line_1_11' title="bbox 449 1522 1203 1633; baseline -0.001 -31"><span class='ocrx_word' id='word_1_70' title='bbox 449 1522 492 1602; x_wconf 74' lang='grc' dir='ltr'>Εν</span> <span class='ocrx_word' id='word_1_71' title='bbox 508 1539 611 1632; x_wconf 86' lang='grc' dir='ltr'>μέτρῳ</span> <span class='ocrx_word' id='word_1_72' title='bbox 628 1540 758 1632; x_wconf 89' lang='grc' dir='ltr'>φαγέειν,</span> <span class='ocrx_word' id='word_1_73' title='bbox 777 1542 883 1628; x_wconf 90' lang='grc' dir='ltr'>πιέειν,</span> <span class='ocrx_word' id='word_1_74' title='bbox 900 1537 952 1607; x_wconf 83' lang='grc' dir='ltr'>καὶ</span> <span class='ocrx_word' id='word_1_75' title='bbox 972 1539 1203 1633; x_wconf 79' lang='grc' dir='ltr'>μυθολογεύειν·</span> 
     </span>
     <span class='ocr_line' id='line_1_12' title="bbox 448 1636 1287 1738; baseline 0.005 -32"><span class='ocrx_word' id='word_1_76' title='bbox 448 1641 582 1710; x_wconf 77' lang='grc' dir='ltr'>Πάντων</span> <span class='ocrx_word' id='word_1_77' title='bbox 597 1647 707 1736; x_wconf 84' lang='grc' dir='ltr'>μέτρον</span> <span class='ocrx_word' id='word_1_78' title='bbox 725 1641 869 1737; x_wconf 78' lang='grc' dir='ltr'>ἄριστον·</span> <span class='ocrx_word' id='word_1_79' title='bbox 889 1642 1058 1737; x_wconf 77' lang='grc' dir='ltr'>ύπερόασίη</span> <span class='ocrx_word' id='word_1_80' title='bbox 1079 1636 1107 1711; x_wconf 87' lang='grc' dir='ltr'>δ’</span> <span class='ocrx_word' id='word_1_81' title='bbox 1125 1641 1287 1738; x_wconf 82' lang='grc' dir='ltr'>α’λεγεινόν.</span> 
     </span>
     <span class='ocr_line' id='line_1_13' title="bbox 448 1742 1281 1846; baseline -0.004 -29"><span class='ocrx_word' id='word_1_82' title='bbox 448 1742 503 1822; x_wconf 74' lang='grc' dir='ltr'>Μὴ</span> <span class='ocrx_word' id='word_1_83' title='bbox 522 1749 671 1843; x_wconf 83' lang='grc' dir='ltr'>φθονερὸς,</span> <span class='ocrx_word' id='word_1_84' title='bbox 694 1756 736 1846; x_wconf 72' lang='grc' dir='ltr'>μὴ</span> <span class='ocrx_word' id='word_1_85' title='bbox 758 1749 889 1832; x_wconf 79' lang='grc' dir='ltr'>ἄπιστος</span> <span class='ocrx_word' id='word_1_86' title='bbox 909 1755 974 1846; x_wconf 80' lang='grc' dir='ltr'>έσρ,</span> <span class='ocrx_word' id='word_1_87' title='bbox 990 1757 1031 1846; x_wconf 71' lang='grc' dir='ltr'>μὴ</span> <span class='ocrx_word' id='word_1_88' title='bbox 1052 1745 1194 1839; x_wconf 77' lang='grc' dir='ltr'>λοίδορος</span> <span class='ocrx_word' id='word_1_89' title='bbox 1209 1748 1281 1834; x_wconf 89' lang='grc' dir='ltr'>ίσθι,</span> 
     </span>
     <span class='ocr_line' id='line_1_14' title="bbox 448 1848 1247 1952; baseline 0.005 -31"><span class='ocrx_word' id='word_1_90' title='bbox 448 1848 541 1928; x_wconf 80' lang='grc' dir='ltr'>Μηδὲ</span> <span class='ocrx_word' id='word_1_91' title='bbox 555 1861 774 1952; x_wconf 81' lang='grc' dir='ltr'>κακογνώμων,</span> <span class='ocrx_word' id='word_1_92' title='bbox 787 1863 829 1952; x_wconf 74' lang='grc' dir='ltr'>μὴ</span> <span class='ocrx_word' id='word_1_93' title='bbox 845 1853 1047 1950; x_wconf 83' lang='grc' dir='ltr'>ψευδαπάιης</span> <span class='ocrx_word' id='word_1_94' title='bbox 1061 1861 1247 1952; x_wconf 76' lang='grc' dir='ltr'>ἀμέτρητος.</span> 
     </span>
     <span class='ocr_line' id='line_1_15' title="bbox 346 1959 1301 2064; baseline -0.005 -29"><span class='ocrx_word' id='word_1_95' title='bbox 346 1969 406 2049; x_wconf 75' lang='grc' dir='ltr'>ιύὸ</span> <span class='ocrx_word' id='word_1_96' title='bbox 448 1966 649 2058; x_wconf 81' lang='grc' dir='ltr'>Σωφροσύνην</span> <span class='ocrx_word' id='word_1_97' title='bbox 669 1968 782 2046; x_wconf 83' lang='grc' dir='ltr'>ἀσκεῖν,</span> <span class='ocrx_word' id='word_1_98' title='bbox 805 1967 937 2061; x_wconf 86' lang='grc' dir='ltr'>αἰσχρῶν</span> <span class='ocrx_word' id='word_1_99' title='bbox 956 1959 986 2034; x_wconf 92' lang='grc' dir='ltr'>δ’</span> <span class='ocrx_word' id='word_1_100' title='bbox 1009 1970 1102 2064; x_wconf 81' lang='grc' dir='ltr'>ἔργων</span> <span class='ocrx_word' id='word_1_101' title='bbox 1122 1963 1301 2057; x_wconf 83' lang='grc' dir='ltr'>ἀπέχεσθαι.</span> 
     </span>
     <span class='ocr_line' id='line_1_16' title="bbox 447 2063 1342 2171; baseline -0.009 -27"><span class='ocrx_word' id='word_1_102' title='bbox 447 2063 540 2144; x_wconf 70' lang='grc' dir='ltr'>Μηδὲ</span> <span class='ocrx_word' id='word_1_103' title='bbox 556 2083 651 2167; x_wconf 83' lang='grc' dir='ltr'>μιμοῦ</span> <span class='ocrx_word' id='word_1_104' title='bbox 671 2074 844 2161; x_wconf 83' lang='grc' dir='ltr'>κακότητα,</span> <span class='ocrx_word' id='word_1_105' title='bbox 864 2068 936 2171; x_wconf 73' lang='grc' dir='ltr'>δίκῃ</span> <span class='ocrx_word' id='word_1_106' title='bbox 957 2067 987 2141; x_wconf 83' lang='grc' dir='ltr'>δ’</span> <span class='ocrx_word' id='word_1_107' title='bbox 1008 2071 1180 2160; x_wconf 72' lang='grc' dir='ltr'>άπάλειθον</span> <span class='ocrx_word' id='word_1_108' title='bbox 1203 2069 1342 2164; x_wconf 86' lang='grc' dir='ltr'>άμυναν·</span> 
     </span>
     <span class='ocr_line' id='line_1_17' title="bbox 447 2175 1276 2276; baseline 0.002 -30"><span class='ocrx_word' id='word_1_109' title='bbox 447 2178 547 2246; x_wconf 87' lang='grc' dir='ltr'>Πειθὼ</span> <span class='ocrx_word' id='word_1_110' title='bbox 567 2181 621 2274; x_wconf 84' lang='grc' dir='ltr'>μὲν</span> <span class='ocrx_word' id='word_1_111' title='bbox 641 2179 700 2276; x_wconf 75' lang='grc' dir='ltr'>γὰρ</span> <span class='ocrx_word' id='word_1_112' title='bbox 720 2182 831 2273; x_wconf 91' lang='grc' dir='ltr'>όνειαρ,</span> <span class='ocrx_word' id='word_1_113' title='bbox 852 2185 910 2275; x_wconf 86' lang='grc' dir='ltr'>έρις</span> <span class='ocrx_word' id='word_1_114' title='bbox 928 2175 957 2249; x_wconf 82' lang='grc' dir='ltr'>δ’</span> <span class='ocrx_word' id='word_1_115' title='bbox 975 2183 1033 2275; x_wconf 87' lang='grc' dir='ltr'>έριν</span> <span class='ocrx_word' id='word_1_116' title='bbox 1053 2182 1276 2273; x_wconf 85' lang='grc' dir='ltr'>ἀντιφυτεύσει.</span> 
     </span>
     <span class='ocr_line' id='line_1_18' title="bbox 392 2270 1289 2382; baseline -0.002 -29"><span class='ocrx_word' id='word_1_117' title='bbox 392 2307 396 2318; x_wconf 90' lang='grc'><em>·</em></span> <span class='ocrx_word' id='word_1_118' title='bbox 447 2288 501 2360; x_wconf 78' lang='grc' dir='ltr'>Μή</span> <span class='ocrx_word' id='word_1_119' title='bbox 520 2287 644 2356; x_wconf 87' lang='grc' dir='ltr'>πίστευε</span> <span class='ocrx_word' id='word_1_120' title='bbox 658 2288 807 2382; x_wconf 90' lang='grc' dir='ltr'>τάχιστα,</span> <span class='ocrx_word' id='word_1_121' title='bbox 826 2291 894 2380; x_wconf 88' lang='grc' dir='ltr'>πρὶν</span> <span class='ocrx_word' id='word_1_122' title='bbox 914 2292 1064 2381; x_wconf 79' lang='grc' dir='ltr'>ἀτρεκέως</span> <span class='ocrx_word' id='word_1_123' title='bbox 1081 2291 1175 2380; x_wconf 83' lang='grc' dir='ltr'>πέρας</span> <span class='ocrx_word' id='word_1_124' title='bbox 1191 2270 1289 2380; x_wconf 80' lang='grc' dir='ltr'>ὄψει]</span> 
     </span>
     <span class='ocr_line' id='line_1_19' title="bbox 259 2387 1338 2492; baseline -0.001 -30"><span class='ocrx_word' id='word_1_125' title='bbox 259 2408 430 2425; x_wconf 78' lang='grc'><em>·“”““““““</em></span> <span class='ocrx_word' id='word_1_126' title='bbox 501 2391 602 2475; x_wconf 83' lang='grc' dir='ltr'>Οὗτος</span> <span class='ocrx_word' id='word_1_127' title='bbox 622 2398 718 2492; x_wconf 83' lang='grc' dir='ltr'>ἀγὼν,</span> <span class='ocrx_word' id='word_1_128' title='bbox 740 2403 827 2465; x_wconf 82' lang='grc' dir='ltr'>ταῦτ’</span> <span class='ocrx_word' id='word_1_129' title='bbox 846 2397 925 2463; x_wconf 77' lang='grc' dir='ltr'>ἐστὶν</span> <span class='ocrx_word' id='word_1_130' title='bbox 939 2397 1057 2482; x_wconf 89' lang='grc' dir='ltr'>ἀέθλια,</span> <span class='ocrx_word' id='word_1_131' title='bbox 1075 2405 1179 2463; x_wconf 84' lang='grc' dir='ltr'>ταῦτα</span> <span class='ocrx_word' id='word_1_132' title='bbox 1199 2387 1338 2486; x_wconf 76' lang='grc' dir='ltr'>βραόεῖα,</span> 
     </span>
     <span class='ocr_line' id='line_1_20' title="bbox 346 2496 1162 2588; baseline 0 -19"><span class='ocrx_word' id='word_1_133' title='bbox 346 2502 406 2570; x_wconf 80' lang='lat'>150</span> <span class='ocrx_word' id='word_1_134' title='bbox 447 2509 548 2572; x_wconf 80' lang='grc' dir='ltr'>Τοῦτο</span> <span class='ocrx_word' id='word_1_135' title='bbox 567 2505 648 2578; x_wconf 89' lang='grc' dir='ltr'>πύλη</span> <span class='ocrx_word' id='word_1_136' title='bbox 667 2496 757 2588; x_wconf 81' lang='grc' dir='ltr'>ζωῆς,</span> <span class='ocrx_word' id='word_1_137' title='bbox 774 2503 826 2570; x_wconf 84' lang='grc' dir='ltr'>καὶ</span> <span class='ocrx_word' id='word_1_138' title='bbox 847 2497 965 2582; x_wconf 83' lang='grc' dir='ltr'>εἴσοδος</span> <span class='ocrx_word' id='word_1_139' title='bbox 986 2503 1162 2586; x_wconf 91' lang='grc' dir='ltr'>άθαναοίης,</span> 
     </span>
    </p>
   </div>
   <div class='ocr_carea' id='block_1_3' title="bbox 348 2586 1385 3239">
    <p class='ocr_par' dir='ltr' id='par_1_3' title="bbox 348 2586 1385 3239">
     <span class='ocr_line' id='line_1_21' title="bbox 448 2586 1204 2704; baseline -0.001 -28"><span class='ocrx_word' id='word_1_140' title='bbox 448 2586 494 2676; x_wconf 66' lang='grc' dir='ltr'>Ιδν</span> <span class='ocrx_word' id='word_1_141' title='bbox 509 2611 586 2690; x_wconf 82' lang='grc' dir='ltr'>Θεὸς</span> <span class='ocrx_word' id='word_1_142' title='bbox 605 2610 740 2703; x_wconf 83' lang='grc' dir='ltr'>οὐράνιός</span> <span class='ocrx_word' id='word_1_143' title='bbox 756 2636 791 2704; x_wconf 87' lang='grc' dir='ltr'>γε</span> <span class='ocrx_word' id='word_1_144' title='bbox 806 2602 1016 2689; x_wconf 79' lang='grc' dir='ltr'>δικαιοτάτοις</span> <span class='ocrx_word' id='word_1_145' title='bbox 1035 2611 1204 2703; x_wconf 88' lang='grc' dir='ltr'>ἀνθρώποις</span> 
     </span>
     <span class='ocr_line' id='line_1_22' title="bbox 448 2696 1161 2796; baseline 0.003 -14"><span class='ocrx_word' id='word_1_146' title='bbox 448 2696 586 2789; x_wconf 63' lang='grc' dir='ltr'>ἀστησεν</span> <span class='ocrx_word' id='word_1_147' title='bbox 605 2717 690 2794; x_wconf 81' lang='grc' dir='ltr'>νίκης</span> <span class='ocrx_word' id='word_1_148' title='bbox 708 2718 882 2785; x_wconf 85' lang='grc' dir='ltr'>έπαέθλιον·</span> <span class='ocrx_word' id='word_1_149' title='bbox 905 2719 932 2785; x_wconf 83' lang='grc' dir='ltr'>οἱ</span> <span class='ocrx_word' id='word_1_150' title='bbox 957 2709 991 2785; x_wconf 84' lang='grc' dir='ltr'>δὲ</span> <span class='ocrx_word' id='word_1_151' title='bbox 1015 2711 1161 2796; x_wconf 79' lang='grc' dir='ltr'>λαόόντες</span> 
     </span>
     <span class='ocr_line' id='line_1_23' title="bbox 448 2815 1176 2916; baseline 0.005 -28"><span class='ocrx_word' id='word_1_152' title='bbox 448 2825 476 2888; x_wconf 85' lang='grc' dir='ltr'>Τ</span> <span class='ocrx_word' id='word_1_153' title='bbox 478 2824 493 2889; x_wconf 85' lang='grc' dir='ltr'>ὸ</span> <span class='ocrx_word' id='word_1_154' title='bbox 510 2827 634 2916; x_wconf 87' lang='grc' dir='ltr'>στέφος,</span> <span class='ocrx_word' id='word_1_155' title='bbox 655 2815 782 2903; x_wconf 81' lang='grc' dir='ltr'>ἐνδόξως</span> <span class='ocrx_word' id='word_1_156' title='bbox 802 2825 955 2893; x_wconf 85' lang='grc' dir='ltr'>εἰσέλθωσι</span> <span class='ocrx_word' id='word_1_157' title='bbox 973 2816 1026 2891; x_wconf 76' lang='grc' dir='ltr'>διὰ</span> <span class='ocrx_word' id='word_1_158' title='bbox 1048 2832 1176 2903; x_wconf 85' lang='grc' dir='ltr'>ταύτης.</span> 
     </span>
     <span class='ocr_line' id='line_1_24' title="bbox 500 2919 1385 3025; baseline -0.001 -29"><span class='ocrx_word' id='word_1_159' title='bbox 500 2919 579 2999; x_wconf 87' lang='grc' dir='ltr'>Ᾰλλ’</span> <span class='ocrx_word' id='word_1_160' title='bbox 593 2932 711 2999; x_wconf 83' lang='grc' dir='ltr'>ὁπόταν</span> <span class='ocrx_word' id='word_1_161' title='bbox 727 2923 801 2998; x_wconf 90' lang='grc' dir='ltr'>τόδε</span> <span class='ocrx_word' id='word_1_162' title='bbox 813 2942 899 3024; x_wconf 78' lang='grc' dir='ltr'>σῆμα</span> <span class='ocrx_word' id='word_1_163' title='bbox 915 2943 993 3025; x_wconf 76' lang='grc' dir='ltr'>φανῇ</span> <span class='ocrx_word' id='word_1_164' title='bbox 1012 2930 1093 2999; x_wconf 78' lang='grc' dir='ltr'>κατὰ</span> <span class='ocrx_word' id='word_1_165' title='bbox 1113 2933 1227 3025; x_wconf 89' lang='grc' dir='ltr'>κόσμον</span> <span class='ocrx_word' id='word_1_166' title='bbox 1247 2929 1385 3012; x_wconf 81' lang='grc' dir='ltr'>ἅπαντα,</span> 
     </span>
     <span class='ocr_line' id='line_1_25' title="bbox 348 3025 1223 3134; baseline 0.001 -29"><span class='ocrx_word' id='word_1_167' title='bbox 348 3039 407 3106; x_wconf 81' lang='lat'>155</span> <span class='ocrx_word' id='word_1_168' title='bbox 449 3025 496 3107; x_wconf 70' lang='lat' dir='ltr'>Ex</span> <span class='ocrx_word' id='word_1_169' title='bbox 514 3048 637 3134; x_wconf 77' lang='grc' dir='ltr'>γενετῆς</span> <span class='ocrx_word' id='word_1_170' title='bbox 660 3029 769 3115; x_wconf 87' lang='grc' dir='ltr'>παῖδες</span> <span class='ocrx_word' id='word_1_171' title='bbox 789 3040 1029 3130; x_wconf 89' lang='grc' dir='ltr'>πολιοκρόταφοι</span> <span class='ocrx_word' id='word_1_172' title='bbox 1052 3050 1223 3134; x_wconf 85' lang='grc' dir='ltr'>γιγαῶτες,</span> 
     </span>
     <span class='ocr_line' id='line_1_26' title="bbox 447 3138 1283 3239; baseline 0 -27"><span class='ocrx_word' id='word_1_173' title='bbox 447 3143 575 3236; x_wconf 83' lang='grc' dir='ltr'>Θλίψεις</span> <span class='ocrx_word' id='word_1_174' title='bbox 590 3138 621 3212; x_wconf 88' lang='grc' dir='ltr'>δ’</span> <span class='ocrx_word' id='word_1_175' title='bbox 635 3144 816 3239; x_wconf 85' lang='grc' dir='ltr'>ἀνθρώπων,</span> <span class='ocrx_word' id='word_1_176' title='bbox 839 3147 936 3235; x_wconf 89' lang='grc' dir='ltr'>λιμοὶ,</span> <span class='ocrx_word' id='word_1_177' title='bbox 953 3148 1067 3238; x_wconf 86' lang='grc' dir='ltr'>λοιμοὶ,</span> <span class='ocrx_word' id='word_1_178' title='bbox 1087 3146 1218 3239; x_wconf 80' lang='grc' dir='ltr'>πολεμοί</span> <span class='ocrx_word' id='word_1_179' title='bbox 1236 3170 1283 3230; x_wconf 90' lang='grc' dir='ltr'>τε,</span> 
     </span>
    </p>
   </div>
   <div class='ocr_carea' id='block_1_4' title="bbox 342 3245 1282 3885">
    <p class='ocr_par' dir='ltr' id='par_1_4' title="bbox 342 3245 1282 3885">
     <span class='ocr_line' id='line_1_27' title="bbox 447 3245 1274 3349; baseline 0.001 -30"><span class='ocrx_word' id='word_1_180' title='bbox 447 3256 569 3349; x_wconf 84' lang='grc' dir='ltr'>Καιρῶν</span> <span class='ocrx_word' id='word_1_181' title='bbox 584 3245 614 3320; x_wconf 86' lang='grc' dir='ltr'>δ’</span> <span class='ocrx_word' id='word_1_182' title='bbox 629 3253 775 3348; x_wconf 86' lang='grc' dir='ltr'>αλλαγίη,</span> <span class='ocrx_word' id='word_1_183' title='bbox 788 3252 841 3321; x_wconf 87' lang='grc' dir='ltr'>καὶ</span> <span class='ocrx_word' id='word_1_184' title='bbox 859 3253 990 3346; x_wconf 87' lang='grc' dir='ltr'>πένθιμα</span> <span class='ocrx_word' id='word_1_185' title='bbox 1004 3246 1124 3346; x_wconf 88' lang='grc' dir='ltr'>δάκρυα</span> <span class='ocrx_word' id='word_1_186' title='bbox 1137 3251 1252 3338; x_wconf 81' lang='grc' dir='ltr'>πολλοὶ,</span> <span class='ocrx_word' id='word_1_187' title='bbox 1271 3277 1274 3287; x_wconf 94' lang='grc'><strong><em>·</em></strong></span> 
     </span>
     <span class='ocr_line' id='line_1_28' title="bbox 446 3353 1174 3454; baseline -0.005 -23"><span class='ocrx_word' id='word_1_188' title='bbox 446 3355 498 3447; x_wconf 79' lang='grc' dir='ltr'>Α’ί,</span> <span class='ocrx_word' id='word_1_189' title='bbox 516 3363 636 3430; x_wconf 88' lang='grc' dir='ltr'>όπόσων</span> <span class='ocrx_word' id='word_1_190' title='bbox 655 3353 764 3439; x_wconf 85' lang='grc' dir='ltr'>παῖδες</span> <span class='ocrx_word' id='word_1_191' title='bbox 782 3363 896 3454; x_wconf 83' lang='grc' dir='ltr'>χώραις</span> <span class='ocrx_word' id='word_1_192' title='bbox 919 3362 1174 3452; x_wconf 78' lang='grc' dir='ltr'>ένιθρηνησονται,</span> 
     </span>
     <span class='ocr_line' id='line_1_29' title="bbox 442 3453 1282 3563; baseline -0.001 -27"><span class='ocrx_word' id='word_1_193' title='bbox 442 3468 551 3558; x_wconf 87' lang='grc' dir='ltr'>Οἴκτρ’</span> <span class='ocrx_word' id='word_1_194' title='bbox 568 3468 787 3563; x_wconf 83' lang='grc' dir='ltr'>ὀλοφυρόμενοι</span> <span class='ocrx_word' id='word_1_195' title='bbox 802 3469 921 3562; x_wconf 90' lang='grc' dir='ltr'>γονίας,</span> <span class='ocrx_word' id='word_1_196' title='bbox 942 3453 1024 3563; x_wconf 81' lang='grc' dir='ltr'>[καὶ]</span> <span class='ocrx_word' id='word_1_197' title='bbox 1040 3469 1148 3561; x_wconf 88' lang='grc' dir='ltr'>φάρεσι</span> <span class='ocrx_word' id='word_1_198' title='bbox 1166 3469 1282 3560; x_wconf 87' lang='grc' dir='ltr'>σάρκας</span> 
     </span>
     <span class='ocr_line' id='line_1_30' title="bbox 342 3564 1163 3669; baseline -0.006 -24"><span class='ocrx_word' id='word_1_199' title='bbox 342 3579 402 3645; x_wconf 87' lang='lat'>160</span> <span class='ocrx_word' id='word_1_200' title='bbox 444 3564 590 3654; x_wconf 78' lang='grc' dir='ltr'>Ενθέντες</span> <span class='ocrx_word' id='word_1_201' title='bbox 605 3572 751 3664; x_wconf 80' lang='grc' dir='ltr'>θάψουσιν</span> <span class='ocrx_word' id='word_1_202' title='bbox 770 3577 820 3642; x_wconf 81' lang='grc' dir='ltr'>ἐπὶ</span> <span class='ocrx_word' id='word_1_203' title='bbox 836 3575 922 3669; x_wconf 86' lang='grc' dir='ltr'>χθονὶ</span> <span class='ocrx_word' id='word_1_204' title='bbox 941 3576 1051 3667; x_wconf 85' lang='grc' dir='ltr'>μητέρι</span> <span class='ocrx_word' id='word_1_205' title='bbox 1067 3581 1163 3663; x_wconf 89' lang='grc' dir='ltr'>λαῶν,</span> 
     </span>
     <span class='ocr_line' id='line_1_31' title="bbox 443 3656 1244 3776; baseline -0.001 -25"><span class='ocrx_word' id='word_1_206' title='bbox 443 3687 560 3776; x_wconf 84' lang='grc' dir='ltr'>Αἵμαοι</span> <span class='ocrx_word' id='word_1_207' title='bbox 574 3682 626 3748; x_wconf 91' lang='grc' dir='ltr'>καὶ</span> <span class='ocrx_word' id='word_1_208' title='bbox 644 3682 760 3774; x_wconf 77' lang='grc' dir='ltr'>κονίῃσι</span> <span class='ocrx_word' id='word_1_209' title='bbox 780 3685 976 3776; x_wconf 79' lang='grc' dir='ltr'>πεφυρμένοι.</span> <span class='ocrx_word' id='word_1_210' title='bbox 996 3656 1027 3746; x_wconf 74' lang='grc' dir='ltr'>ύλ</span> <span class='ocrx_word' id='word_1_211' title='bbox 1047 3683 1127 3776; x_wconf 89' lang='grc' dir='ltr'>μέγα</span> <span class='ocrx_word' id='word_1_212' title='bbox 1147 3673 1244 3750; x_wconf 88' lang='grc' dir='ltr'>δειλοὶ</span> 
     </span>
     <span class='ocr_line' id='line_1_32' title="bbox 443 3780 1183 3885; baseline -0.005 -25"><span class='ocrx_word' id='word_1_213' title='bbox 443 3780 594 3868; x_wconf 67' lang='grc' dir='ltr'>’Υστατίης</span> <span class='ocrx_word' id='word_1_214' title='bbox 609 3798 712 3885; x_wconf 73' lang='grc' dir='ltr'>γενεῆς</span> <span class='ocrx_word' id='word_1_215' title='bbox 727 3797 835 3879; x_wconf 82' lang='grc' dir='ltr'>φῶτες,</span> <span class='ocrx_word' id='word_1_216' title='bbox 855 3789 1046 3883; x_wconf 86' lang='grc' dir='ltr'>κακοεργέες,</span> <span class='ocrx_word' id='word_1_217' title='bbox 1063 3787 1151 3873; x_wconf 86' lang='grc' dir='ltr'>αἰνοὶ,</span> <span class='ocrx_word' id='word_1_218' title='bbox 1180 3817 1183 3820; x_wconf 53' lang='grc'><em>”</em></span> 
     </span>
    </p>
   </div>
   <div class='ocr_carea' id='block_1_5' title="bbox 333 3979 1461 4222">
    <p class='ocr_par' dir='ltr' id='par_1_5' title="bbox 333 3979 1461 4222">
     <span class='ocr_line' id='line_1_33' title="bbox 335 3979 1459 4048; baseline -0.001 -16"><span class='ocrx_word' id='word_1_219' title='bbox 335 4010 367 4020; x_wconf 94' lang='grc'>-</span> <span class='ocrx_word' id='word_1_220' title='bbox 387 3984 443 4042; x_wconf 84' lang='grc'>119,</span> <span class='ocrx_word' id='word_1_221' title='bbox 459 3997 512 4048; x_wconf 73' lang='lat' dir='ltr'>sqq.</span> <span class='ocrx_word' id='word_1_222' title='bbox 528 3980 675 4047; x_wconf 85' lang='lat' dir='ltr'>Triumphus</span> <span class='ocrx_word' id='word_1_223' title='bbox 689 3996 718 4030; x_wconf 83' lang='lat' dir='ltr'>ex</span> <span class='ocrx_word' id='word_1_224' title='bbox 733 3980 775 4031; x_wconf 83' lang='lat' dir='ltr'>illo</span> <span class='ocrx_word' id='word_1_225' title='bbox 789 3979 922 4030; x_wconf 76' lang='lat' dir='ltr'>certamine</span> <span class='ocrx_word' id='word_1_226' title='bbox 934 3979 1066 4031; x_wconf 76' lang='lat' dir='ltr'>victoribus</span> <span class='ocrx_word' id='word_1_227' title='bbox 1083 3991 1190 4048; x_wconf 69' lang='lat' dir='ltr'><strong>paratus.</strong></span> <span class='ocrx_word' id='word_1_228' title='bbox 1213 4010 1246 4020; x_wconf 95' lang='lat'>-</span> <span class='ocrx_word' id='word_1_229' title='bbox 1274 3985 1331 4041; x_wconf 77' lang='lat'>154,</span> <span class='ocrx_word' id='word_1_230' title='bbox 1346 3998 1382 4048; x_wconf 83' lang='lat' dir='ltr'>sq.</span> <span class='ocrx_word' id='word_1_231' title='bbox 1397 3982 1459 4032; x_wconf 84' lang='lat' dir='ltr'>Pro·</span> 
     </span>
     <span class='ocr_line' id='line_1_34' title="bbox 333 4066 1461 4135; baseline -0.002 -17"><span class='ocrx_word' id='word_1_232' title='bbox 333 4067 425 4134; x_wconf 72' lang='lat' dir='ltr'>digium</span> <span class='ocrx_word' id='word_1_233' title='bbox 444 4067 570 4127; x_wconf 82' lang='lat' dir='ltr'>interris,</span> <span class='ocrx_word' id='word_1_234' title='bbox 593 4066 699 4117; x_wconf 69' lang='lat' dir='ltr'><strong>infantes</strong></span> <span class='ocrx_word' id='word_1_235' title='bbox 722 4083 783 4118; x_wconf 84' lang='grc' dir='ltr'>οιιιιο</span> <span class='ocrx_word' id='word_1_236' title='bbox 797 4066 874 4134; x_wconf 61' lang='lat' dir='ltr'><strong>crine:</strong></span> <span class='ocrx_word' id='word_1_237' title='bbox 889 4075 1021 4117; x_wconf 75' lang='lat' dir='ltr'><strong>nascentes.</strong></span> <span class='ocrx_word' id='word_1_238' title='bbox 1047 4095 1078 4104; x_wconf 97' lang='lat'>—</span> <span class='ocrx_word' id='word_1_239' title='bbox 1099 4070 1157 4131; x_wconf 77' lang='grc'>156,</span> <span class='ocrx_word' id='word_1_240' title='bbox 1182 4083 1234 4135; x_wconf 71' lang='lat' dir='ltr'><strong>sqq.</strong></span> <span class='ocrx_word' id='word_1_241' title='bbox 1250 4066 1404 4119; x_wconf 68' lang='lat' dir='ltr'>Calamimes</span> <span class='ocrx_word' id='word_1_242' title='bbox 1419 4081 1461 4116; x_wconf 83' lang='lat' dir='ltr'>su·</span> 
     </span>
     <span class='ocr_line' id='line_1_35' title="bbox 334 4151 694 4222; baseline -0.006 -18"><span class='ocrx_word' id='word_1_243' title='bbox 334 4169 419 4222; x_wconf 79' lang='lat' dir='ltr'>premo</span> <span class='ocrx_word' id='word_1_244' title='bbox 431 4151 525 4218; x_wconf 87' lang='lat' dir='ltr'>judicio</span> <span class='ocrx_word' id='word_1_245' title='bbox 539 4152 642 4220; x_wconf 78' lang='lat' dir='ltr'>praeviae.</span> <span class='ocrx_word' id='word_1_246' title='bbox 663 4181 694 4191; x_wconf 93' lang='lat'>-</span> 
     </span>
    </p>
   </div>
   <div class='ocr_carea' id='block_1_6' title="bbox 332 4314 1463 4612">
    <p class='ocr_par' dir='ltr' id='par_1_6' title="bbox 367 4314 1461 4384">
     <span class='ocr_line' id='line_1_36' title="bbox 367 4314 1461 4384; baseline 0 -16"><span class='ocrx_word' id='word_1_247' title='bbox 367 4319 424 4369; x_wconf 80' lang='grc'>112,</span> <span class='ocrx_word' id='word_1_248' title='bbox 444 4315 496 4369; x_wconf 78' lang='lat' dir='ltr'>cfr.</span> <span class='ocrx_word' id='word_1_249' title='bbox 510 4333 591 4384; x_wconf 75' lang='lat' dir='ltr'><strong>supra,</strong></span> <span class='ocrx_word' id='word_1_250' title='bbox 605 4320 661 4370; x_wconf 88' lang='grc'>101.</span> <span class='ocrx_word' id='word_1_251' title='bbox 950 4319 1005 4367; x_wconf 84' lang='grc'>116.</span> <span class='ocrx_word' id='word_1_252' title='bbox 1024 4314 1125 4381; x_wconf 85' lang='lat' dir='ltr'><strong>Phocyl.</strong></span> <span class='ocrx_word' id='word_1_253' title='bbox 1146 4318 1187 4375; x_wconf 75' lang='grc'>12,</span> <span class='ocrx_word' id='word_1_254' title='bbox 1207 4315 1249 4366; x_wconf 87' lang='lat' dir='ltr'>ubi</span> <span class='ocrx_word' id='word_1_255' title='bbox 1267 4327 1348 4368; x_wconf 74' lang='lat' dir='ltr'><strong>tamen</strong></span> <span class='ocrx_word' id='word_1_256' title='bbox 1367 4319 1401 4384; x_wconf 79' lang='grc' dir='ltr'>μὴ</span> <span class='ocrx_word' id='word_1_257' title='bbox 1421 4318 1461 4383; x_wconf 83' lang='grc' dir='ltr'>μί-</span> 
     </span>
    </p>

    <p class='ocr_par' dir='ltr' id='par_1_7' title="bbox 367 4390 1463 4461">
     <span class='ocr_line' id='line_1_37' title="bbox 367 4390 1463 4461; baseline -0.001 -17"><span class='ocrx_word' id='word_1_258' title='bbox 367 4397 425 4453; x_wconf 80' lang='grc'>113,</span> <span class='ocrx_word' id='word_1_259' title='bbox 440 4410 476 4459; x_wconf 76' lang='lat' dir='ltr'>sq.</span> <span class='ocrx_word' id='word_1_260' title='bbox 491 4393 581 4443; x_wconf 70' lang='lat' dir='ltr'>Desunt</span> <span class='ocrx_word' id='word_1_261' title='bbox 591 4394 617 4443; x_wconf 87' lang='lat' dir='ltr'>hi</span> <span class='ocrx_word' id='word_1_262' title='bbox 627 4394 675 4443; x_wconf 86' lang='lat' dir='ltr'>duo</span> <span class='ocrx_word' id='word_1_263' title='bbox 685 4390 822 4459; x_wconf 80' lang='lat' dir='ltr'><strong>Phocylidi.</strong></span> <span class='ocrx_word' id='word_1_264' title='bbox 914 4396 962 4455; x_wconf 83' lang='grc' dir='ltr'>μοῦ</span> <span class='ocrx_word' id='word_1_265' title='bbox 975 4391 1072 4458; x_wconf 67' lang='lat' dir='ltr'>legitur,</span> <span class='ocrx_word' id='word_1_266' title='bbox 1093 4390 1189 4442; x_wconf 77' lang='lat' dir='ltr'>favente</span> <span class='ocrx_word' id='word_1_267' title='bbox 1206 4403 1294 4456; x_wconf 74' lang='lat' dir='ltr'><strong>metro,</strong></span> <span class='ocrx_word' id='word_1_268' title='bbox 1313 4409 1372 4443; x_wconf 70' lang='grc' dir='ltr'>ειιιν</span> <span class='ocrx_word' id='word_1_269' title='bbox 1387 4408 1463 4461; x_wconf 71' lang='grc' dir='ltr'>νεφο-</span> 
     </span>
    </p>

    <p class='ocr_par' dir='ltr' id='par_1_8' title="bbox 332 4466 1461 4612">
     <span class='ocr_line' id='line_1_38' title="bbox 365 4466 1442 4536; baseline 0 -17"><span class='ocrx_word' id='word_1_270' title='bbox 365 4471 506 4520; x_wconf 76' lang='grc'>115-118.</span> <span class='ocrx_word' id='word_1_271' title='bbox 524 4469 611 4521; x_wconf 74' lang='lat' dir='ltr'>Versus</span> <span class='ocrx_word' id='word_1_272' title='bbox 625 4477 731 4535; x_wconf 73' lang='lat' dir='ltr'><strong>quntum·</strong></span> <span class='ocrx_word' id='word_1_273' title='bbox 744 4483 758 4517; x_wconf 86' lang='lat' dir='ltr'>e</span> <span class='ocrx_word' id='word_1_274' title='bbox 775 4466 878 4533; x_wconf 80' lang='lat' dir='ltr'><strong>Phocyl.</strong></span> <span class='ocrx_word' id='word_1_275' title='bbox 912 4476 1010 4532; x_wconf 71' lang='lat' dir='ltr'><strong>guanto.</strong></span> <span class='ocrx_word' id='word_1_276' title='bbox 1026 4467 1087 4517; x_wconf 84' lang='lat' dir='ltr'><strong>Dein</strong></span> <span class='ocrx_word' id='word_1_277' title='bbox 1100 4466 1155 4517; x_wconf 81' lang='lat' dir='ltr'><strong>vide</strong></span> <span class='ocrx_word' id='word_1_278' title='bbox 1170 4479 1206 4517; x_wconf 79' lang='grc' dir='ltr'>ιιι</span> <span class='ocrx_word' id='word_1_279' title='bbox 1215 4469 1277 4533; x_wconf 74' lang='lat' dir='ltr'>legas</span> <span class='ocrx_word' id='word_1_280' title='bbox 1290 4470 1442 4536; x_wconf 78' lang='grc' dir='ltr'>ἀπάμιιψον.</span> 
     </span>
     <span class='ocr_line' id='line_1_39' title="bbox 332 4540 1461 4612; baseline 0.003 -18"><span class='ocrx_word' id='word_1_281' title='bbox 332 4546 374 4605; x_wconf 83' lang='grc'>11,</span> <span class='ocrx_word' id='word_1_282' title='bbox 388 4559 440 4612; x_wconf 72' lang='lat' dir='ltr'>sqq.</span> <span class='ocrx_word' id='word_1_283' title='bbox 947 4545 1004 4595; x_wconf 77' lang='grc'>111.</span> <span class='ocrx_word' id='word_1_284' title='bbox 1023 4540 1090 4592; x_wconf 72' lang='lat' dir='ltr'><strong>Finis</strong></span> <span class='ocrx_word' id='word_1_285' title='bbox 1103 4542 1145 4593; x_wconf 83' lang='lat' dir='ltr'>hie</span> <span class='ocrx_word' id='word_1_286' title='bbox 1158 4553 1195 4594; x_wconf 84' lang='grc' dir='ltr'>εει</span> <span class='ocrx_word' id='word_1_287' title='bbox 1209 4544 1274 4610; x_wconf 82' lang='grc' dir='ltr'>(ροιι</span> <span class='ocrx_word' id='word_1_288' title='bbox 1288 4554 1385 4597; x_wconf 66' lang='grc' dir='ltr'>νοω</span> <span class='ocrx_word' id='word_1_289' title='bbox 1402 4546 1461 4610; x_wconf 78' lang='grc'>118)</span> 
     </span>
    </p>
   </div>
   <div class='ocr_carea' id='block_1_7' title="bbox 0 0 1598 5310">
    <p class='ocr_par' dir='ltr' id='par_1_9' title="bbox 0 0 1598 5310">
     <span class='ocr_line' id='line_1_40' title="bbox 0 0 1598 5310; baseline 0 3"><span class='ocrx_word' id='word_1_290' title='bbox 0 0 1598 5310; x_wconf 95' lang='lat' dir='ltr'> </span> 
     </span>
    </p>
   </div>
  </div>
 </body>
</html>
