3186 5310
518 425 801 490 staltttaoamt
823 425 894 489 Lm.
918 426 955 487 V.
1226 427 1284 489 {89

253 560 359 642 Quam
374 557 548 646 repriment
560 561 672 624 Romae
684 583 740 624 rex
754 559 965 649 Hesperiiquc
980 557 1133 648 dynastae.

280 669 283 675 '
298 666 376 729 Post
390 664 471 744 baec,
485 663 628 730 hibernis
642 665 768 731 nivibus
784 689 884 755 quum
902 663 1021 730 defluet
1033 689 1099 749 aer,

255 771 364 852 Quum
378 768 556 859 fluviusque
570 770 682 860 ingens
697 788 729 836 et
741 771 879 835 maxima
893 788 1002 860 stagna
1019 770 1190 860 rigescent,

165 878 229 955 465
255 879 385 944 Invadet
400 878 612 969 trepidantem
627 879 734 945 Asiam
751 903 829 969 gens
845 880 995 958 barbara,
1013 898 1046 944 et
1057 880 1144 971 ipsos

254 983 423 1074 Opprimet
435 984 602 1067 immanes,
622 1009 680 1051 ceu
696 986 759 1051 sint
774 986 842 1051 sine
856 988 988 1068 robore,
1004 988 1155 1055 Thracas.
1215 997 1216 1001 ’

253 1092 344 1154 'l'unc
360 1089 505 1155 homines
516 1091 622 1156 miseri
635 1110 804 1157 vescentur
817 1116 912 1157 carne
923 1110 1105 1181 parentum,

256 1195 481 1285 lnl'audasque,
500 1214 665 1285 premente
675 1198 771 1279 fame,
789 1214 945 1288 cogentur
956 1197 988 1261 in
1001 1221 1107 1276 escas;

254 1303 478 1391 Praebebitque
493 1303 567 1368 feris
584 1305 694 1393 epulas
706 1304 820 1369 domus
834 1304 950 1386 omnis,
967 1321 999 1369 et
1013 1329 1103 1371 uncte

165 1415 230 1500 470
254 1410 443 1500 Discerpent
457 1411 602 1475 volucres
618 1411 756 1475 bumana
769 1411 923 1476 cadavera
937 1411 1055 1500 passim
1067 1434 1077 1496 3

254 1517 371 1581 Plenus
389 1533 422 1581 et
438 1540 589 1601 oceanus,
602 1516 699 1582 fluvio
718 1517 904 1583 effundente
920 1517 1078 1583 malorum

253 1622 440 1712 Relliqnias,
454 1646 566 1688 carnes
578 1623 732 1713 deglutiet
747 1641 843 1712 atque
855 1647 1017 1691 cruorem.

254 1729 337 1795 Hinc
353 1729 447 1795 tellus
462 1729 589 1796 defectu
602 1730 770 1795 homiuum
785 1746 851 1795 tam
867 1730 935 1797 sola
954 1732 1110 1815 manebit,

252 1837 417 1902 Matronae
429 1852 465 1901 ut
476 1838 545 1922 jam
561 1835 655 1902 liceat
667 1861 837 1902 numerare
857 1837 1019 1929 virosque.

166 1942 230 2031 475
298 1942 401 2007 Multa
413 1959 521 2007 autem
538 1944 598 2007 sub
614 1943 676 2007 fine
687 1959 794 2032 gemet
805 1943 976 2010 deterrima
989 1946 1106 2035 proles,

253 2050 362 2130 Quum
378 2046 426 2112 sol
439 2047 595 2113 occiderit
606 2071 771 2139 nunquam
784 2049 956 2129 reditum,
973 2066 1006 2114 et
1022 2051 1122 2116 altum

252 2158 378 2221 Mersus
389 2154 422 2220 in
438 2179 607 2236 oceanum,
623 2155 729 2220 radios
746 2155 931 2221 exstinxerit
947 2155 1054 2237 undis,

251 2261 381 2350 ⁴Quippe
396 2261 498 2326 malos
513 2261 681 2326 hominum
695 2284 801 2326 mores
819 2279 963 2351 spectare
975 2286 1122 2352 perosus.

254 2373 296 2432 At
308 2366 420 2432 caelum
433 2366 624 2432 immensum
636 2392 700 2432 nox
720 2367 911 2433 circumfusa
926 2369 1062 2454 tenebit,

165 2479 230 2556 480
254 2478 294 2539 Et
308 2475 465 2539 mundum
483 2474 660 2564 mundique
678 2498 772 2540 cavos
786 2492 873 2566 teget
884 2478 998 2542 umbra
1015 2499 1171 2543 recessus.

255 2581 337 2646 Hinc
351 2581 469 2646 iterum
488 2581 613 2668 praeerit
628 2580 745 2647 caelesti
762 2582 881 2646 lumine
895 2583 1011 2649 sanctis

254 2690 320 2753 Fax
333 2687 440 2753 divina
453 2687 539 2767 viris,
554 2711 706 2776 magnum
722 2688 776 2778 qui
789 2689 916 2754 Numen
928 2690 1071 2756 adorant.

299 2794 354 2876 lsi,
367 2795 427 2859 dea
439 2793 562 2875 infelix,
577 2794 642 2860 Nili
658 2795 840 2860 remanebis
856 2796 897 2862 ad
913 2820 1041 2861 amnem

255 2901 341 2983 Sola,
360 2901 468 2967 furens
484 2924 615 2986 maenas,
632 2901 725 2967 siccis
735 2902 928 2967 Acherontis
945 2902 1069 2982 arcuis;

165 3011 230 3089 485
254 3011 350 3075 Fama
363 3032 424 3074 nec
439 3009 503 3073 ulla
519 3008 566 3073 tui
583 3025 652 3073 toto
669 3007 860 3072 retinebitur
872 3009 964 3073 orbe.

253 3118 380 3205 Tuque,
394 3114 518 3205 Serapi,
535 3114 648 3179 sedens
663 3138 776 3180 saxosa
791 3115 888 3192 mole,
904 3115 1031 3181 dolebis

253 3224 395 3313 AEgypto
414 3222 447 3287 in
459 3222 587 3299 misera,
603 3245 717 3310 magna
729 3238 888 3311 prostrate
906 3221 1017 3296 ruina;

254 3329 381 3418 Quique
392 3351 450 3418 per
461 3328 639 3418 AEgyptum
655 3325 713 3392 tibi
726 3349 759 3391 se
771 3325 925 3391 addixere
936 3326 1093 3408 volentes,

253 3435 392 3500 Flebunt
404 3432 505 3498 insani
520 3457 528 3498 ε
547 3433 603 3498 sed
616 3449 648 3498 te
659 3432 738 3497 nihil
752 3456 822 3498 esse
834 3431 991 3497 videbunt

165 3547 230 3631 490
253 3541 318 3625 Qui
332 3557 417 3607 recta
433 3557 508 3607 sunt
526 3555 646 3622 mente,
664 3541 734 3604 Deo
749 3537 803 3627 qui
815 3537 955 3603 carmina
972 3537 1121 3606 fundunt.

298 3651 404 3739 Atque
416 3646 529 3737 aliquis
541 3664 616 3712 tuuc
629 3645 829 3737 pontificum,
844 3644 895 3710 cui
908 3644 991 3710 linea
1009 3646 1122 3712 vestis:

165 3834 249 3886 relicta
263 3832 319 3884 solis
329 3832 417 3883 ludaeis
429 3833 493 3883 luce.
508 3859 538 3870 -
551 3835 609 3894 483,
620 3847 674 3897 sqq.
685 3830 877 3897 compellantur,
888 3848 937 3881 non
953 3841 1003 3882 tam
1016 3831 1144 3883 minaciter
1157 3849 1232 3898 quam
1242 3834 1286 3885 lle-

164 3918 257 3982 biliter,
270 3916 368 3985 Egypti
379 3917 492 3979 numina,
502 3914 544 3966 lais
553 3924 578 3966 et
591 3914 695 3982 Serapis,
710 3929 816 3980 quorum
835 3914 932 3982 templis
945 3915 1017 3965 ruina
1029 3915 1180 3984 prodicitur.
1193 3945 1225 3956 ··-

166 4070 208 4133 84,
220 4082 286 4134 sqq„
304 4075 330 4117 st
342 4065 378 4116 ibi
390 4073 442 4116 not.
459 4064 570 4113 Clemens
581 4063 663 4120 Alex..
683 4060 709 4110 in
739 4060 856 4121 πολλούς,
869 4060 961 4128 optimc
973 4076 1031 4111 saue
1045 4077 1052 4112 ε
1068 4061 1167 4129 respicit
1179 4063 1246 4114 eninr
1256 4065 1288 4115 ad

164 4143 287 4210 Protrept.
298 4157 353 4209 pag.
369 4143 411 4204 44,
424 4140 468 4191 boa
478 4155 560 4190 veram
568 4137 637 4198 citat,
650 4139 710 4188 488·
741 4136 863 4203 Serapidis
875 4137 1009 4202 templum,
1025 4136 1192 4196 Alexandria,
1205 4139 1289 4190 multis

166 4221 224 4278 488,
238 4217 325 4268 omisso
338 4218 394 4268 485.
741 4210 882 4262 marmoreis
895 4211 972 4262 altum
985 4213 1098 4277 gradibus
1111 4230 1116 4262 ε
1133 4214 1188 4263 vide
1200 4224 1252 4266 not.

199 4296 257 4344 484.
276 4291 448 4353 Prudentiae,
456 4289 532 4342 clem.
549 4287 663 4346 ἄναυδος,
678 4303 709 4338 ιιι
776 4290 833 4338 488.
853 4287 929 4338 Codd.
940 4288 961 4337 δ’
974 4304 1023 4337 non
1036 4287 1169 4364 babebapt.

166 4367 276 4420 rectius?
776 4366 832 4413 490.
852 4363 901 4414 Cir.
915 4378 996 4429 supra,
1011 4366 1067 4414 ⁴82.

201 4446 258 4494 488.
274 4436 708 4502 Clem.‚amissitduabusiusruever·
773 4440 831 4489 tat.
851 4438 928 4488 Codd.
938 4439 1285 4498 λινσὸσσιοςνείλινσύσσιοςε

165 4517 311 4569 hiemales
321 4519 376 4584 atp.
384 4518 465 4573 λίθους
473 4513 708 4582 &macetumque
741 4530 785 4564 nos
798 4529 862 4564 corr.
877 4523 929 4564 tuta
939 4514 1079 4578 conjectura
1090 4529 1097 4564 ε
1107 4515 1148 4565 sed
1162 4513 1218 4565 tide
1232 4525 1285 4568 not.
