3186 5310
500 393 552 454 AD
572 392 720 454 LIBRUM
740 394 817 456 XIV.
1161 385 1220 449 393

101 521 213 586 profecit,
232 523 278 575 uisi
297 534 325 576 ut
344 541 433 577 noram
457 526 504 577 sibi
528 527 642 590 laudem,
676 544 736 592 rana
751 528 801 578 iata
814 527 886 578 nobis
904 526 1077 576 nauseantibus
1093 521 1218 591 pmpinet.

100 597 223 665 Sihyllinre
237 601 271 651 rei
285 601 581 654 lucemnullamaiierrei.
709 608 750 656 95.
777 605 869 655 Nomen
899 602 1083 668 intelligendum
1106 594 1221 663 aliquod,

136 679 175 726 12.
194 680 299 744 Ταυρῶν
321 680 428 745 discipu
450 679 551 746 figurate
574 689 644 730 vocat
676 682 748 745 qualo
761 690 822 731 esset
839 679 961 746 Eugenius
975 679 1012 728 rel
1031 675 1177 737 Eumenius,
1190 669 1222 721 ab

100 752 247 813 Odenatum,
261 753 381 804 Valeriani
395 771 481 823 nempe
494 766 519 806 et
531 755 645 816 Gallieni,
677 751 703 808 ed
719 757 808 823 syllaba
820 755 954 822 incipiens,
971 754 1075 818 ideoque
1088 749 1147 802 boni
1160 746 1224 799 omi·

102 829 217 895 (quorum
234 846 310 880 unum
329 832 412 897 ταυρῷ
425 832 600 882 assimilaverat
615 832 646 882 ii·
677 831 724 889 nis,
745 833 808 882 unde
825 841 897 899 poeta
913 826 1025 894 τοῦνομα
1038 827 1122 879 ἐσθλόν
1141 833 1222 881 rooat,

99 903 146 954 hm
167 903 243 961 xl11‚·
261 909 318 966 158,
338 923 374 973 sq.
388 924 454 957 nuuc
468 908 540 959 ambo
553 908 647 958 dnobus
677 907 788 974 luditque
802 909 828 958 in
840 923 900 957 voce
914 905 998 956 lobiis
1011 904 1049 954 bis
1059 901 1171 970 repetita.

101 979 195 1042 tauris),
207 982 331 1042 emulum,
343 983 402 1033 dum
422 984 522 1048 rivaret,
546 1001 575 1034 ac
599 984 647 1034 nisi
712 986 754 1043 98,
772 999 826 1049 sqq.
845 982 880 1032 Oe
892 981 939 1031 hac
953 979 1072 1031 Anazarbi
1086 975 1224 1028 calamitate

101 1071 166 1106 mors
177 1057 339 1122 praevenisset,
354 1059 499 1110 domitorem
511 1060 629 1110 futurum.
679 1058 741 1108 nihil
756 1059 896 1117 dicendum,
907 1059 998 1124 quippe
1016 1073 1046 1106 ex
1062 1052 1174 1113 arbitrio,
1187 1049 1224 1100 uti

136 1135 176 1182 16.
197 1132 350 1197 Odenatum,
365 1135 408 1201 qui
421 1152 494 1203 supra
508 1136 574 1186 leoni
592 1136 650 1186 assi·
680 1134 786 1193 ridetur,
812 1134 926 1184 conficta.
950 1131 1031 1192 Queri
1051 1140 1132 1180 tamen
1145 1133 1225 1195 potest

100 1208 198 1258 milatus
207 1207 296 1270 tuerat,
306 1209 373 1274 lilii,
391 1215 448 1270 165,
460 1228 526 1278 sqq,
539 1211 570 1262 ab
582 1212 649 1278 igna-
681 1211 748 1259 unde
762 1211 806 1259 vta
819 1211 888 1266 πόλις
901 1209 996 1258 dicatur
1015 1206 1073 1256 urbs
1089 1220 1146 1254 saue
1160 1201 1225 1252 anti·

101 1283 136 1333 ris
154 1283 363 1344 interfectoribus,
382 1295 501 1352 tauquam
521 1288 617 1337 leonem
634 1304 648 1337 a
680 1300 738 1349 qua,
749 1285 851 1350 etprius
864 1283 961 1349 quidem
976 1281 1069 1349 Cyinda
1083 1280 1159 1345 dicta,
1169 1293 1225 1345 pos·

100 1358 202 1410 canibus
216 1376 261 1426 per
278 1362 362 1423 ualles,
376 1378 419 1428 per
433 1362 504 1412 silvas
521 1364 650 1428 inscqnen·
682 1370 719 1410 tea
727 1354 1162 1418 AuuarbusariciuomonteZarba,
1172 1369 1226 1403 sero

102 1435 177 1496 tibus,
204 1436 254 1486 leto
276 1436 358 1486 datum
379 1437 460 1488 innuit
478 1439 571 1498 Noster,
585 1437 648 1488 uihil
680 1436 778 1486 demum
790 1436 945 1496 Diocmsarea,
957 1444 1084 1502 postquam
1093 1430 1226 1496 subimpu-

81 1550 83 1554 .
100 1512 207 1577 amplius
220 1513 250 1562 de
262 1514 314 1579 ejus
327 1523 406 1563 morte
420 1514 546 1575 deliniens,
558 1514 650 1581 quippe
680 1521 761 1562 ratore
777 1513 855 1563 Nerva
875 1520 1029 1562 terremotu
1045 1522 1128 1560 eversa
1142 1516 1166 1557 et
1188 1521 1226 1556 re·

101 1597 178 1646 metu,
197 1597 225 1637 ut
243 1588 348 1651 videtur,
371 1590 517 1655 prohibitus,
539 1592 649 1640 nondum
680 1588 776 1653 gnarrtis
787 1586 1026 1637 beneficiorestituta
1036 1585 1100 1635 init:
1116 1581 1226 1651 quoior·

102 1663 276 1714 constitutisin
287 1665 382 1715 oriente
391 1681 436 1714 uec
454 1667 479 1715 in
494 1665 598 1733 AEgypto
610 1680 649 1714 re·
681 1673 743 1713 tasse
754 1663 842 1713 alludit
862 1663 923 1711 illud
936 1663 1015 1729 ipsum
1028 1662 1072 1711 νέα
1084 1660 1167 1717 πόλις,
1182 1673 1227 1707 no·

102 1738 157 1790 bus.
171 1737 218 1799 Qui
232 1749 313 1790 tamen
326 1740 398 1793 inira.
419 1744 553 1807 bll,sqq.‚
569 1741 649 1791 Zeno·
681 1748 737 1788 vato
758 1739 789 1788 ab
810 1738 965 1788 adulantibus
987 1737 1087 1787 nomine
1111 1733 1226 1802 publico,

102 1814 168 1865 biam
176 1813 387 1866 ridebiturmariti
399 1816 650 1883 necisperallegorias
681 1830 757 1879 φιιιω
772 1814 870 1865 interim
886 1824 954 1864 retus
967 1812 1098 1879 appellatio
1118 1810 1144 1859 in
1162 1807 1228 1875 uulgi

103 1889 258 1941 insimulare:
270 1890 479 1950 ialsosane,iaiso,
491 1903 650 1957 quumtautre
683 1905 728 1939 usu
742 1899 862 1950 maneret,
878 1890 948 1940 Suid.
965 1889 1035 1939 adh.
1052 1904 1076 1937 v.

102 1965 191 2032 regine
201 1983 316 2033 generosa
330 1968 393 2018 obsit
405 1968 510 2030 indoles,
527 1985 650 2034 quumque
717 1969 773 2028 125,
787 1981 839 2031 sqq.
856 1964 958 2014 Videtur
973 1964 1075 2026 Noster,
1089 1960 1179 2011 inscius
1191 1958 1228 2008 ri-

103 2041 219 2091 'i'rebeilii
232 2042 343 2092 historici
352 2044 444 2108 jndicio
458 2043 572 2092 iocinoris
583 2045 650 2093 istius
681 2040 769 2090 delicet
780 2041 901 2090 memuriae
915 2041 968 2090 lusu
981 2041 1104 2106 abreptus,
1114 2037 1173 2087 dum
1183 2034 1229 2084 tat·

103 2118 183 2185 palam
200 2129 313 2183 arguatur
328 2118 451 2179 Nunnius,
469 2118 573 2169 Odenati
590 2135 649 2169 con·
681 2116 947 2166 aasumbrasiictorum
958 2115 1098 2182 principum
1112 2111 1228 2178 imagina-

103 2192 216 2242 sobrinus
225 2193 354 2259 brevisque
362 2206 497 2252 successor;
510 2211 556 2244 nec
569 2205 649 2244 tamen
681 2202 729 2248 tur,
740 2193 770 2242 nd
778 2192 908 2258 Traianum
921 2202 945 2242 et
956 2192 1093 2241 Antoninos
1106 2189 1169 2239 iorte
1178 2203 1229 2238 ret·
1330 2201 1334 2209 “

104 2267 204 2318 fortasse
226 2268 278 2319 sine
293 2270 397 2318 duorum
417 2271 480 2335 regis
496 2270 603 2320 filiorum
619 2287 650 2321 ex
680 2267 781 2334 perisse.
797 2267 855 2329 Quis
864 2269 930 2317 enim
943 2268 985 2317 ille
999 2267 1067 2316 litera
1080 2269 1110 2326 Τ,
1124 2274 1162 2315 ter
1172 2279 1229 2313 ceu·

104 2343 209 2394 Zenobia
223 2355 388 2411 susceptorum
408 2345 570 2404 conscientia,
590 2361 651 2411 quos
681 2355 735 2395 tum
752 2343 863 2404 valente,
886 2344 1024 2408 designatus
1039 2341 1160 2408 princeps,
1182 2340 1229 2389 Ar·

104 2418 178 2470 etiam
192 2420 289 2470 ridetur
308 2421 333 2470 iu
352 2421 433 2470 animo
449 2420 540 2470 habere
555 2421 648 2485 Noster,
682 2420 819 2470 meniorum
842 2419 1038 2483 Parthorumque
1063 2418 1159 2473 uictor,
1182 2413 1229 2464 uisi

104 2511 181 2560 quum
192 2494 361 2545 interfectores
377 2512 428 2545 non
442 2513 524 2552 unum,
536 2499 578 2548 sed
594 2499 650 2564 plu·
682 2483 820 2561 Trajanu's?
841 2495 872 2545 Et
888 2495 935 2545 illis
954 2493 1106 2560 temporibus
1125 2489 1229 2541 erasisse

103 2585 143 2620 res
163 2571 209 2620 sub
232 2587 319 2621 cauum
346 2572 421 2636 figura
444 2573 551 2638 designet
570 2574 651 2639 priore
682 2574 746 2638 apud
759 2570 889 2631 Romanos,
898 2571 943 2620 sub
954 2570 1077 2621 iladriano
1087 2567 1229 2635 presertim,
1322 2621 1330 2637 ι

104 2661 174 2695 remu
189 2649 227 2696 15.
243 2646 315 2696 Nulla
332 2657 416 2712 postea
433 2648 578 2698 miserorum
594 2648 651 2700 isto·
682 2649 769 2697 luxum
784 2648 987 2712 splendoremque
1006 2645 1114 2705 urbium,
1136 2658 1229 2705 nonne,

104 2737 169 2780 rum,
180 2737 211 2771 ne
223 2732 300 2772 matre
308 2722 407 2787 quidem
420 2735 545 2789 regnante.
559 2725 651 2775 merttio
683 2723 775 2790 Sibylla
787 2732 914 2784 monente,
933 2720 1061 2786 aliquoties
1074 2717 1230 2768 notavimus?

105 2795 132 2846 iit
145 2796 172 2846 in
189 2797 304 2847 historiis.
326 2797 457 2848 limonium
483 2799 550 2850 baud
573 2802 651 2852 multo
684 2798 775 2850 Ultimo
788 2799 862 2849 etiam
875 2814 956 2858 versu,
974 2802 1030 2859 135,
1042 2796 1087 2847 iste
1098 2794 1125 2844 in
1138 2793 1230 2859 lougiu-

105 2880 160 2938 post
178 2871 307 2922 admissum
320 2875 397 2924 scelus
410 2885 603 2941 occupatumque
616 2887 653 2943 ty·
682 2891 731 2940 qua
755 2875 834 2925 insula
854 2874 977 2941 periturus
995 2872 1124 2940 princeps,
1150 2883 1231 2920 nonne

104 2946 254 2998 rannidema
265 2948 383 2998 militibus
396 2949 569 3017 interemptum
580 2952 653 3003 docet
683 2951 778 3000 Narcus
791 2950 890 3017 praedici
904 2950 1000 3000 videtur
1012 2948 1143 2999 Aurelius?

105 3022 239 3073 Trebellius
253 3023 277 3072 in
291 3026 343 3089 ejus
357 3025 416 3074 rita.
720 3029 775 3075 160.
788 3026 876 3074 'Talem
890 3025 997 3089 aliquam
1014 3024 1146 3072 immanem
1157 3030 1231 3086 utque

141 3103 180 3149 ta.
201 3099 325 3166 Oppressis
337 3101 361 3149 in
383 3099 438 3151 Asia
452 3117 496 3167 per
515 3101 652 3152 Odenatum
684 3101 833 3166 incognitam
854 3101 977 3149 volucrem
998 3100 1080 3165 capita
1102 3096 1230 3146 hominum

105 3172 513 3241 Macrianipartibuscumejuslilio
521 3177 618 3240 Quieto,
628 3188 653 3230 et
683 3177 864 3242 supervolasse,
888 3183 1012 3242 pugnastis
1034 3175 1064 3223 sd
1086 3171 1231 3223 Bedriacum

106 3265 162 3299 eum
172 3250 260 3300 Balista
268 3251 375 3317 ejusdem
382 3251 460 3316 legato
469 3252 586 3318 primum,
596 3254 652 3303 dein
684 3251 790 3310 Othone,
801 3261 886 3301 nanut
895 3250 1004 3308 Tacitus,
1015 3249 1076 3299 iiiut.
1088 3248 1121 3309 ii,
1130 3248 1145 3314 S
1155 3251 1198 3309 50,
1206 3255 1230 3297 et

107 3339 257 3384 successore;
272 3325 323 3392 ipso
336 3327 469 3386 Macriano,
484 3328 543 3377 dum
557 3328 653 3379 italiam
683 3327 823 3392 xiphilinus
836 3325 964 3382 mullione,
978 3323 1061 3382 Lxlv,
1075 3325 1090 3389 S
1108 3327 1146 3375 tu.
1162 3322 1232 3372 Cete-

107 3401 222 3465 uegnandi
239 3401 340 3466 euspicius
357 3402 426 3468 petit,
449 3403 474 3451 iu
493 3403 591 3469 illyrico
610 3421 654 3471 per
684 3419 739 3451 rum
754 3403 858 3450 voluteris
873 3401 941 3450 istius
954 3417 1041 3448 tromcn
1054 3399 1163 3462 igrrntum
1182 3397 1231 3447 huc

107 3476 241 3525 Aureolum
251 3477 315 3526 ricto
328 3494 450 3541 rasoque:
475 3478 585 3529 Odenato
596 3496 654 3530 mox
684 3479 787 3528 aiiertur
805 3481 902 3537 datan,
923 3475 1080 3526 hauddubie
1101 3491 1232 3524 commuue

107 3567 122 3600 a
138 3552 188 3600 suis
205 3551 349 3609 interiect03
365 3552 475 3603 Gallieno
491 3553 573 3603 Romae
590 3556 653 3605 nihil
683 3554 777 3618 aliquid
790 3552 883 3602 hahens
896 3568 952 3601 cum
964 3551 1037 3600 simili
1051 3551 1116 3616 apud
1131 3549 1232 3599 Suidam

108 3627 253 3692 imperatore
276 3627 376 3692 dignum
397 3638 496 3693 agente3
512 3646 585 3679 nemo
601 3642 653 3682 erat
685 3629 820 3678 uocabulo:
836 3629 923 3687 Φάλκη
937 3628 1063 3692 surrepit,
1077 3635 1105 3675 ut
1118 3624 1232 3675 uidelicet

107 3702 133 3751 in
144 3702 249 3768 AEgypto
261 3707 304 3767 qui
318 3704 443 3754 dubitaret
455 3706 586 3755 Aureolum
597 3707 654 3769 (hic
685 3705 769 3769 ingens
781 3705 862 3769 aliqua
875 3703 966 3769 species
975 3701 1125 3766 intelligatur
1135 3715 1230 3765 susper-

107 3778 171 3842 apud
186 3787 282 3842 poetam
296 3779 315 3827 Α
329 3778 398 3827 litera
407 3789 432 3828 et
444 3780 542 3829 nomine
555 3782 654 3845 quadri·
685 3779 776 3829 tilionis
793 3789 919 3829 nocturne
938 3778 1009 3840 avis,
1033 3777 1099 3842 quod
1113 3775 1190 3825 Maius
1204 3775 1229 3824 in

107 3852 200 3914 syllabo
212 3852 361 3916 designatur)
374 3869 456 3903 rerum
477 3871 570 3905 summa
591 3857 654 3923 poti-
685 3872 727 3905 sua
741 3856 815 3920 hujus
833 3854 889 3904 libri
908 3852 1107 3920 interpretatione
1129 3867 1178 3901 non
1193 3850 1231 3900 in·

109 3937 214 3978 turum:
234 3938 306 3992 atque
317 3928 374 3977 inde
391 3929 511 3995 Sibyllina
527 3929 579 3980 hec
592 3948 654 3998 prte-
685 3932 744 3982 scite
763 3930 889 4003 reddidit:
903 3950 916 3974 ι
929 3928 1018 3995 Turpia
1040 3928 1105 3985 aris,
1128 3942 1232 3992 seroque

108 4002 194 4063 rhedo,
217 4020 291 4069 quam
305 4013 416 4066 eventus,
436 4015 465 4055 ut
482 4006 576 4071 priores
589 4006 653 4070 illas,
686 4029 698 4052 ι
713 4007 836 4058 traheusa
851 4021 949 4072 vespere
961 4020 1060 4056 nomen.
1075 4025 1088 4050 ι
1105 4004 1190 4054 Cetera
1201 4002 1231 4052 de

108 4077 252 4129 confutarit.
684 4083 732 4132 hoc
754 4081 873 4131 vocabulo
894 4080 1031 4130 testimonia
1060 4080 1146 4128 desunt
1166 4095 1172 4128 z
1196 4087 1231 4128 est

143 4159 185 4204 rt.
205 4156 262 4205 Post
278 4156 344 4205 hunc
365 4171 461 4205 versum
482 4156 545 4207 nihii
566 4158 654 4208 deinde
684 4159 749 4209 enim
770 4161 819 4209 τῶν
840 4158 904 4213 ἅπαξ
924 4157 1075 4220 irreptum.
1095 4154 1182 4203 Forma
1193 4161 1231 4202 ta·

109 4230 161 4280 sani
173 4241 215 4280 aut
224 4231 285 4282 recti
296 4231 410 4298 aSibylla
423 4249 526 4298 qrraeras,
537 4234 653 4285 delicien-
684 4251 739 4285 men
753 4235 803 4299 ipsa
816 4233 923 4282 nominis
933 4231 1000 4281 aliud
1015 4230 1123 4280 indicare
1135 4227 1232 4278 videtur

109 4316 143 4364 te,
159 4306 195 4356 uti
208 4307 323 4366 diximus,
343 4308 445 4359 historia
462 4325 549 4359 cecam
562 4320 652 4371 ratem,
684 4326 713 4358 ao
726 4309 807 4358 Suidae
817 4307 896 4358 rhum
908 4326 914 4358 :
925 4318 1019 4374 etymus
1032 4306 1099 4356 euim
1114 4305 1233 4371 petendus

110 4383 144 4432 ita
167 4391 195 4431 ut
215 4393 314 4449 postea,
334 4385 400 4434 reiut
415 4384 471 4450 egri
489 4386 592 4446 somnia,
609 4402 651 4436 ra·
684 4386 723 4435 rel
735 4386 767 4435 ab
781 4384 902 4449 adjectivo
914 4384 1014 4449 φολκὸς,
1028 4382 1093 4448 quod
1105 4381 1170 4447 apud
1182 4380 1232 4430 ilo-

111 4474 197 4507 norum
211 4458 351 4526 principum
365 4459 410 4510 sub
427 4460 494 4510 rania
514 4461 653 4512 nominibus
684 4477 777 4512 merum
804 4459 926 4512 calvitiem
953 4458 1079 4525 designare
1106 4455 1229 4507 creditur:
