3186 5310
670 458 909 523 mollitum·

320 590 457 675 lnjustos
472 587 580 678 iraque
596 590 713 680 premit
730 592 891 683 poenisque
905 610 1044 672 coercet,

318 694 496 761 Immittens
508 695 640 777 bellum,
659 715 793 787 pestem,
807 699 1040 790 lacrimosaque
1057 700 1133 768 futu.

362 803 392 867 0
408 792 568 882 homines,
583 803 666 870 fastu
680 806 831 894 quianam
848 807 982 898 turgetis
999 807 1109 873 inani?

250 911 292 974 60
315 909 387 975 Non
399 909 547 998 pudet.in
566 909 656 978 divos
675 910 752 979 seles
765 930 798 978 et
811 915 907 980 bruta
923 915 1065 981 referre?

318 1017 390 1082 Nou
406 1017 474 1083 baec
492 1033 541 1083 est
557 1018 675 1101 rabies,
693 1043 847 1111 caecaeque
860 1021 980 1088 insanis
995 1023 1123 1100 mentis,

318 1126 350 1190 si
367 1123 483 1214 patinis
495 1124 619 1193 inhient
629 1126 706 1208 divi,
726 1127 874 1195 furentur
890 1147 923 1195 et
937 1128 1038 1196 ollas?

318 1233 470 1322 Quosque
485 1231 630 1300 habiture
644 1234 712 1325 puli
730 1258 826 1326 super
840 1259 936 1302 aurea
949 1237 1068 1328 templu
1080 1237 1223 1322 deceret,

319 1340 388 1403 llos
401 1339 503 1405 curies
517 1337 689 1430 densisque
701 1341 832 1407 infestat
843 1366 958 1409 aranea
970 1343 1062 1410 telis?

251 1445 294 1513 65
317 1448 488 1539 Serpentes
503 1445 619 1530 colitis,
636 1446 738 1528 stulti,
759 1437 913 1539 solesque,
934 1473 1104 1541 canesque,

316 1554 359 1618 Et
374 1553 530 1632 volucres,
548 1570 581 1620 et
594 1579 665 1644 quae
685 1555 833 1622 lambunt
849 1557 996 1623 animalia
1012 1549 1142 1643 terrem,

317 1662 359 1726 Et
369 1659 523 1728 fabricatu
534 1685 632 1729 manu
646 1661 826 1741 simulacra,
839 1665 1002 1755 politaque
1016 1688 1103 1745 saxu,

319 1771 360 1834 Et
380 1767 501 1859 lapides
521 1768 621 1836 triviis
638 1787 796 1861 aggestus,
811 1771 973 1862 multoque
987 1773 1059 1837 vani

316 1879 472 1944 Praeterec
488 1877 592 1943 colitis
609 1901 679 1967 quse
691 1896 764 1944 sunt
779 1880 961 1968 turpissimo
976 1880 1075 1946 dictu.

252 2005 294 2071 7⁰
317 1984 394 2047 Haec
410 1998 484 2047 sunt
501 1981 648 2050 vecordis
665 1984 790 2050 fallacia
805 1985 935 2051 numina
951 1985 1050 2075 vulgi,

318 2088 467 2171 Numina,
487 2088 690 2155 mortiferum
703 2106 812 2156 manat
828 2090 945 2177 quibus
958 2113 1014 2154 ore
1030 2111 1201 2156 venenum.

318 2196 360 2258 At
372 2192 462 2277 cujus
473 2195 537 2257 vitu
553 2211 611 2276 est,
626 2211 658 2259 et
672 2194 727 2259 lux
743 2212 860 2259 aeternu
875 2194 942 2259 sine
960 2195 1095 2276 umbris,

318 2297 383 2382 Qui
398 2314 582 2364 sanctorum
601 2300 714 2365 animis
727 2301 870 2390 potiores
887 2300 981 2366 melle
995 2298 1146 2392 propinat

318 2404 468 2482 Delicias,
483 2405 526 2471 illi
543 2425 639 2499 caput
655 2409 709 2474 uni
723 2408 861 2475 subdere
873 2425 1014 2499 oportet,

253 2515 293 2606 75
317 2515 461 2602 Cumque
477 2513 540 2605 piis
555 2514 680 2606 aperire
697 2514 758 2581 sibi
778 2538 837 2606 per
850 2517 964 2582 saecnla
981 2516 1105 2583 callem.

318 2619 376 2686 His
392 2643 450 2687 vos
462 2622 631 2712 neglectis,
650 2621 749 2689 divini
761 2624 857 2715 plena
871 2623 989 2691 furoris

317 2727 450 2813 Pocula,
465 2753 633 2820 pennarum
651 2731 784 2798 calicem
801 2731 968 2822 gravidum
982 2748 1078 2821 atque
1092 2755 1254 2798 meracum
1307 2782 1310 2786 -

318 2837 487 2916 Hominis,
505 2838 642 2906 stimulis
655 2839 718 2906 acti
732 2840 937 2906 dementibus
952 2863 1085 2916 omnes3

316 2943 414 3010 Ebria
427 2966 487 3008 nec
499 2944 601 3010 sinitis
615 2946 799 3036 resipiscere
814 2946 924 3024 corda,
946 2968 1051 3035 neque
1068 2968 1168 3010 unum

254 3052 296 3117 80
319 3050 423 3116 Nosse
438 3051 556 3134 Deum,
574 3050 629 3140 qui
646 3068 760 3117 cuncta
772 3052 866 3141 regit,
884 3052 938 3141 qui
952 3068 1067 3117 cuncta
1082 3068 1204 3117 tuetur.

321 3159 398 3222 Hoec
413 3172 544 3246 propter
558 3155 681 3222 calidus
694 3181 753 3223 vos
767 3159 929 3247 opprimet
942 3158 1037 3248 ignis,
1052 3173 1084 3222 et
1102 3156 1199 3222 ardor

320 3265 400 3328 Uret
415 3262 621 3328 inexstinctus
632 3263 800 3344 taedsrum,
816 3282 941 3354 tempus
959 3263 991 3327 in
1006 3284 1104 3328 omne

319 3370 439 3460 Turpia
455 3368 608 3436 deflentes
624 3370 696 3436 vani
713 3370 879 3437 mendacia
897 3371 1011 3436 cultus.

232 3567 343 3610 nostrum
349 3556 380 3619 V,
392 3573 446 3625 cup.
458 3561 483 3618 3,
495 3565 521 3608 et
534 3555 742 3608 lntroductionem
754 3557 785 3608 sd
798 3555 917 3625 Sibyllina
931 3572 1003 3624 scptu
1016 3556 1114 3627 lectum,
1128 3563 1231 3608 anolus
1244 3556 1271 3606 in
1284 3555 1358 3623 hujus

234 3645 282 3695 fine
294 3644 435 3695 voluminis.

234 3807 395 3875 addiditOpt.
406 3807 494 3872 econj.
504 3816 580 3858 recte.
596 3805 637 3856 Sic
649 3805 699 3856 lere
708 3804 780 3856 Pluu-
845 3806 887 3854 ts.
906 3803 1049 3871 llllipticum
1064 3812 1100 3854 est
1120 3804 1238 3855 αἰώνιααι
1257 3819 1303 3870 pm
1325 3804 1359 3860 εἰς

234 3898 287 3944 tus,
303 3883 398 3934 llsimr.
415 3881 458 3937 nt,
472 3897 507 3932 tc.
524 3885 556 3932 t:
572 3901 585 3926 α
597 3880 617 3931 0
629 3881 702 3932 melle
715 3879 782 3930 dulci
812 3879 911 3939 αἰῶνας,
923 3878 986 3930 sicut
1000 3878 1059 3929 nlius
1072 3877 1138 3944 apud
1150 3877 1282 3946 Sibyllam,
1293 3877 1357 3939 tltt,

236 3985 249 4009 tt
261 3955 363 4010 dulcior.
377 3979 390 4002 o
405 3957 432 4007 ln
448 3957 495 4006 fine
513 3957 668 4023 proponebnt
681 3956 739 4023 Ops.
757 3955 782 4005 iu
815 3957 872 4014 103,
887 3958 946 4014 ott,
959 3964 1006 4006 etc.
1029 3955 1163 4006 Ἆνακλῖναι
1181 3964 1278 4014 sutem,
1293 3955 1359 4022 quod

235 4036 331 4088 schedis
342 4035 390 4085 suis
404 4034 472 4084 mstis
485 4034 571 4101 κρᾶμα
586 4049 631 4101 pro
645 4035 737 4102 χάρμα.
810 4044 855 4078 nos
868 4044 960 4095 ponere
976 4026 1028 4078 susi
1040 4041 1122 4076 sumus
1136 4042 1181 4093 pro
1193 4026 1297 4079 bubum
1310 4029 1361 4080 lec·

270 4110 431 4177 tl.Theoph.
443 4109 565 4176 ὶαπροχίη
573 4109 628 4174 (tic,
637 4109 721 4160 hisnte
728 4124 781 4158 ver·
812 4103 878 4155 tione
887 4104 1020 4162 ἀνακλινοῖ,
1030 4101 1158 4168 Homerico
1166 4113 1279 4154 teusuest
1287 4120 1362 4173 nepe·

236 4190 285 4255 su),
293 4188 330 4252 τῷ
339 4189 368 4246 δὴ
378 4187 447 4252 μόνῳ
457 4185 548 4251 αὐχένα
558 4185 665 4250 κάμπη,
677 4192 701 4234 et
710 4199 781 4234 versu
812 4180 862 4230 rire
871 4200 894 4229 α.

236 4262 347 4330 sequenti
358 4260 499 4311 ἀνακλινοῑε
510 4275 575 4309 corr.
592 4257 649 4324 Ops.
661 4275 690 4308 ex
701 4267 780 4324 purte,
847 4260 888 4308 tc.
907 4253 964 4305 Post
979 4251 1069 4318 μαστόν
1082 4252 1179 4303 videtur
1190 4269 1217 4303 τι
1231 4269 1303 4304 sensu
1316 4269 1358 4307 ct·

237 4348 317 4389 cetera
327 4353 379 4387 uos.
399 4335 567 4403 Poctprimsm
579 4350 662 4384 vocem
674 4332 782 4400 suppleri
812 4346 886 4383 rere:
901 4331 1038 4396 conjecerit
1052 4327 1108 4396 Ops.
1122 4330 1151 4378 τὸ
1160 4329 1288 4380 cosmos.

238 4413 353 4463 vellemus
366 4412 481 4478 χάριτος,
505 4409 551 4460 nisi
571 4418 696 4476 procuret
715 4408 782 4474 quod
847 4410 887 4456 tt.
904 4405 1010 4456 Culicem
1028 4403 1070 4453 irs
1088 4401 1195 4460 Domini,
1216 4412 1241 4453 et
1260 4405 1358 4470 quidem

239 4489 264 4538 in
277 4487 354 4538 latins
368 4487 477 4537 versione
492 4485 567 4537 secuti
589 4500 680 4538 sumus.
697 4485 783 4534 lxlttt·
814 4482 933 4548 ἄκρατον.
953 4480 1046 4531 hebent
1059 4494 1109 4529 uon
1117 4478 1191 4529 semel
1206 4477 1263 4529 libri
1270 4481 1358 4542 suncti,

239 4564 291 4621 ταῖς
301 4564 409 4629 προχέαι.
815 4556 903 4607 Ραιὶια.
917 4559 958 4616 tt,
972 4570 996 4602 v.
1012 4556 1036 4610 t;
1050 4551 1139 4602 lenem.
1153 4567 1207 4619 cup.
1224 4554 1265 4614 tt,
1280 4569 1303 4602 s.
1319 4559 1358 4606 lb.
