3186 5310
495 456 782 520 SIBYLLINOIIUM
803 458 876 519 LIB.
900 457 979 534 VIII,
1001 456 1019 537 ξ
1039 461 1068 518 1.
1281 453 1339 514 att

308 590 335 652 T
337 589 553 680 errigenisque
572 588 676 655 ferent
690 590 773 656 mala
788 589 900 669 multa,
918 586 1150 679 hominumque
1164 588 1294 654 labores

309 697 499 777 Absument,
516 720 671 787 regesque
684 697 770 764 seros
782 698 933 788 legesque
947 697 1130 763 tremendas

308 802 396 870 Litus
405 804 453 876 ad
464 805 637 872 occiduum
653 806 794 886 mittent,
808 823 841 872 et
855 822 968 872 cuncta
980 805 1170 873 domabunt.

308 914 386 978 Sera
401 912 461 979 Dei
477 914 560 979 mola
574 913 623 979 sar
634 913 751 980 minuit
765 914 882 980 subtile
899 912 1046 980 terendo.

247 1019 283 1085 15
309 1020 425 1085 Omnia
437 1037 515 1086 tunc
529 1020 613 1111 ignis
626 1020 750 1111 perdet,
764 1037 929 1111 vertetque
940 1021 1099 1086 minutum
1149 1018 1156 1033 '

309 1128 346 1192 lu
360 1127 499 1193 cinerem
513 1145 640 1195 montes
655 1129 737 1194 altos
753 1152 943 1218 carnemque
959 1129 1139 1218 superbam.

355 1236 457 1301 Causa
471 1236 547 1302 mali
559 1237 683 1302 cunctis
699 1234 784 1303 avidi
800 1235 961 1301 dementia
976 1235 1068 1304 lucri.

310 1343 439 1432 Quippe
454 1343 523 1408 auri
536 1343 723 1433 argentique
735 1342 821 1408 furet
831 1367 946 1409 vesana
963 1343 1095 1435 cupido.

310 1449 363 1514 Nil
376 1449 490 1516 melius
505 1467 638 1516 censent
653 1449 815 1534 homiues,
835 1450 880 1516 nil
896 1451 999 1517 carius
1011 1452 1090 1533 istis,

187 1590 194 1599 ·
246 1579 287 1622 no
311 1558 386 1623 Non
398 1557 507 1623 lumen
521 1559 609 1643 solis,
627 1583 693 1624 non
706 1558 834 1641 caelum,
847 1582 912 1624 non
927 1559 1025 1625 maris
1038 1544 1161 1648 aequor,

311 1665 384 1730 Non
400 1665 499 1731 setam
516 1666 639 1755 gremio
654 1683 774 1732 terram
788 1667 1022 1758 omniparente,
1040 1690 1143 1757 neque
1158 1666 1280 1756 ipsum,

310 1773 458 1862 Largitur
471 1772 526 1862 qui
541 1791 669 1853 cuncta,
686 1777 803 1859 Deum,
822 1776 876 1864 qui
889 1790 1005 1840 cuncta
1019 1773 1155 1857 creavit;

311 1882 342 1946 N
344 1905 387 1945 on
400 1881 487 1963 fidei,
499 1905 566 1946 non
578 1880 651 1972 plus
663 1882 810 1947 tribuunt
829 1881 956 1973 pietatis
968 1881 1082 1947 amori.

313 1987 427 2053 Infelix
440 1988 558 2072 rabies,
573 1989 645 2055 fons
660 1988 846 2079 impietatis,
859 1991 952 2078 origo

249 2096 288 2162 25
313 2095 455 2175 Dissidii,
472 2095 524 2162 cui
535 2095 619 2161 bella
631 2097 773 2187 placent,
793 2120 856 2187 pax
868 2096 936 2163 sola
950 2094 1086 2184 molesta
1107 2111 1166 2161 est.

315 2205 392 2270 Haec
404 2203 550 2294 patribus
563 2220 671 2286 natos,
685 2220 793 2292 patres
810 2203 953 2268 iuimicat
968 2201 1123 2283 alumnis,

315 2313 384 2378 Nec
395 2313 447 2397 jus
463 2311 616 2377 connubii
628 2310 703 2376 sinit
719 2335 799 2390 esse,
816 2310 873 2377 ubi
888 2310 1011 2376 fulserit
1027 2331 1154 2374 aurum.

316 2421 413 2485 Terra
427 2418 532 2485 omnis
543 2435 659 2501 metas,
675 2419 825 2485 custodes
840 2442 949 2508 aequor
966 2417 1116 2493 habebit3

316 2529 437 2593 Cuncta
451 2526 529 2592 dolo
549 2525 648 2591 divisa
668 2526 785 2609 ferent,
800 2525 916 2616 quibus
929 2525 1068 2616 amplior
1081 2523 1150 2590 auri

251 2636 293 2701 30
316 2634 429 2724 Copia,
443 2657 502 2700 ceu
515 2632 608 2701 terris
625 2649 739 2723 optent
753 2634 821 2700 sine
836 2633 898 2699 fine
912 2633 1021 2725 potiri.

317 2741 476 2832 Diripient
493 2756 619 2824 tenues,
638 2764 704 2831 quo
721 2764 755 2806 se
769 2741 947 2829 majoribus
961 2739 1046 2830 agris

316 2848 509 2932 Extendant,
526 2865 707 2938 cogantque
723 2849 785 2915 sibi
799 2848 917 2915 servire
933 2848 1087 2914 minores.

317 2957 414 3042 Quod
433 2955 493 3021 nisi
508 2972 593 3021 terra
610 2957 723 3045 procul
736 2956 803 3022 caeli
815 2956 970 3022 stellantis
981 2956 1023 3021 ab
1040 2978 1099 3021 axe

320 3064 473 3142 Distaret,
489 3087 554 3128 non
567 3064 634 3152 ipsa
649 3064 734 3129 foret
747 3064 800 3128 lux
818 3064 969 3130 omnibus
981 3085 1084 3152 aequa,

253 3173 294 3241 35
316 3173 379 3238 Sed
392 3169 523 3261 quaesita
540 3194 620 3235 auro
637 3171 712 3237 solis
726 3171 939 3261 locupletibus
952 3185 1048 3254 esset,

318 3278 580 3368 Pauperibusque
596 3276 695 3342 alium
709 3278 830 3344 faceret
847 3281 933 3344 Deus
947 3275 1070 3367 aequior
1082 3277 1208 3342 orbem.

364 3388 425 3451 Par
439 3386 499 3451 tibi
514 3384 554 3450 de
566 3385 643 3451 caelo
659 3385 767 3451 clades
780 3384 959 3474 incumbet,
973 3401 1006 3451 et
1021 3385 1123 3450 altum

320 3494 445 3561 Flectes
458 3493 561 3583 prima
575 3510 683 3582 caput,
697 3492 843 3560 sublimis
855 3493 973 3560 vertice
990 3495 1107 3559 Roma.

321 3603 427 3667 Strata
435 3600 557 3687 jacebis
569 3601 671 3680 humi,
687 3600 823 3668 flammis
838 3618 1040 3692 consumpta,
1056 3617 1177 3690 tuoque

254 3716 297 3794 ilo
324 3711 498 3798 Exsequata
513 3708 584 3773 solo
599 3707 717 3775 :simul
729 3709 835 3776 omnis
846 3733 922 3799 gaza
938 3707 1069 3799 peribit,

321 3819 423 3906 Inque
434 3814 498 3880 tuis
513 3814 632 3905 degent
647 3816 822 3908 vulpesque
836 3816 968 3907 lupique
982 3815 1104 3882 ruInis:

231 3997 334 4048 addunt.
353 3991 444 4043 Notum
461 3991 617 4057 proverbium
637 4009 666 4043 ex
684 3993 781 4046 Plutar-
814 3996 878 4053 ὅλως
892 4011 948 4045 cum
960 3992 1088 4060 negatione
1096 3987 1243 4056 sibyllinum
1252 3999 1362 4055 prorsus,

232 4072 290 4132 cbo,
310 4070 340 4120 de
356 4067 415 4120 Sera
434 4066 507 4116 Num.
526 4066 594 4117 vind.
613 4084 667 4136 pag.
685 4073 725 4135 tt,
739 4071 779 4123 ed.
815 4071 848 4136 ll,
862 4074 920 4130 115,
934 4074 997 4133 3263
1013 4068 1060 4128 lll,
1072 4071 1113 4126 to,
1125 4075 1173 4116 etc.

233 4146 328 4207 11813111
339 4143 443 4195 dmum
452 4143 524 4193 111811]
532 4142 563 4191 ³¹)
571 4142 634 4200 aliis
849 4151 891 4199 31.
909 4147 938 4198 In
953 4147 1001 4197 sine
1014 4162 1046 4196 an
1060 4143 1169 4195 meliust
1180 4138 1271 4191 addas?

270 4225 311 4274 15.
330 4220 458 4270 Aurasius
470 4219 569 4269 ἀλέσειὲ
850 4226 890 4274 37,
910 4224 952 4273 Est
971 4221 1024 4282 tes,
1043 4244 1055 4263 «
1067 4215 1181 4269 omnibus
1201 4213 1302 4280 equalis
1320 4226 1363 4263 teu

271 4302 310 4351 11.
328 4296 379 4348 cn.
389 4295 434 4354 111,
449 4298 507 4357 612,
520 4303 544 4343 et
556 4293 658 4364 Phocyl.
670 4301 711 4350 31.
721 4299 782 4350 Tota
817 4300 953 4350 communis
968 4322 989 4357 a,
1005 4307 1033 4348 ut
1045 4295 1080 4359 V,
1098 4297 1123 4344 3.
1145 4292 1264 4344 Recurret
1282 4289 1364 4354 ὑψαύ-

234 4385 318 4426 autem
326 4372 372 4422 ista
386 4371 503 4438 pericope
517 4370 547 4419 ds
557 4372 627 4422 malis
638 4389 668 4423 ex
681 4376 784 4426 arantis
816 4394 897 4443 χενος,
910 4374 1088 4425 subbarbarum
1099 4371 1158 4421 licet
1176 4383 1221 4435 pro
1238 4366 1362 4432 ὑψαύχην,
1438 4421 1448 4441 ⁸

234 4449 296 4503 ortis
304 4447 409 4500 oratorie
420 4446 634 4501 circumducitura
646 4448 782 4512 Lactantio,
816 4452 871 4511 llll,
886 4454 943 4503 230.

236 4525 355 4591 vitup.
374 4527 413 4575 15.
851 4530 891 4581 38.
909 4518 1196 4591 mmuilfim,npdm
1204 4516 1364 4588 qnidralettt:

273 4603 315 4653 tt.
334 4597 411 4652 Godd.
428 4601 486 4659 ὅλος
501 4619 507 4652 :
522 4617 567 4654 nos
579 4619 644 4655 corr.
659 4603 702 4655 Est
720 4605 785 4656 anim
818 4604 859 4656 sed
872 4604 957 4656 eonIer
969 4602 1023 4667 vtl,
1038 4604 1063 4653 2.
