<?xml version="1.0" encoding="UTF-8"?>
<!DOCTYPE html PUBLIC "-//W3C//DTD XHTML 1.0 Transitional//EN"
    "http://www.w3.org/TR/xhtml1/DTD/xhtml1-transitional.dtd">
<html xmlns="http://www.w3.org/1999/xhtml" xml:lang="en" lang="en">
 <head>
  <title>
</title>
<meta http-equiv="Content-Type" content="text/html;charset=utf-8" />
  <meta name='ocr-system' content='tesseract 3.04.00' />
  <meta name='ocr-capabilities' content='ocr_page ocr_carea ocr_par ocr_line ocrx_word'/>
</head>
<body>
  <div class='ocr_page' id='page_1' title='image "./oraculasibyllin00alexgoog/oraculasibyllin00alexgoog_0442.png"; bbox 0 0 3186 5310; ppageno 0'>
   <div class='ocr_carea' id='block_1_1' title="bbox 230 369 843 440">
    <p class='ocr_par' dir='ltr' id='par_1_1' title="bbox 230 369 843 440">
     <span class='ocr_line' id='line_1_1' title="bbox 230 369 843 440; baseline 0.007 -4"><span class='ocrx_word' id='word_1_1' title='bbox 230 369 290 427; x_wconf 79' lang='grc'>376</span> <span class='ocrx_word' id='word_1_2' title='bbox 729 378 843 440; x_wconf 79' lang='lat' dir='ltr'><strong>NOTAE</strong></span> 
     </span>
    </p>
   </div>
   <div class='ocr_carea' id='block_1_2' title="bbox 229 499 1372 1855">
    <p class='ocr_par' dir='ltr' id='par_1_2' title="bbox 229 499 1372 1855">
     <span class='ocr_line' id='line_1_2' title="bbox 230 499 1344 575; baseline 0.009 -28"><span class='ocrx_word' id='word_1_3' title='bbox 230 508 345 550; x_wconf 80' lang='lat' dir='ltr'>eternam</span> <span class='ocrx_word' id='word_1_4' title='bbox 363 499 414 551; x_wconf 85' lang='lat' dir='ltr'>iore</span> <span class='ocrx_word' id='word_1_5' title='bbox 431 502 504 554; x_wconf 84' lang='lat' dir='ltr'>etiam</span> <span class='ocrx_word' id='word_1_6' title='bbox 524 504 611 556; x_wconf 78' lang='lat' dir='ltr'>Judase</span> <span class='ocrx_word' id='word_1_7' title='bbox 627 507 772 560; x_wconf 85' lang='lat' dir='ltr'>dominatio·</span> <span class='ocrx_word' id='word_1_8' title='bbox 798 512 887 562; x_wconf 85' lang='lat' dir='ltr'>usitato</span> <span class='ocrx_word' id='word_1_9' title='bbox 894 526 973 569; x_wconf 82' lang='lat' dir='ltr'>sensu,</span> <span class='ocrx_word' id='word_1_10' title='bbox 985 508 1126 560; x_wconf 70' lang='lat' dir='ltr'>acrostichis</span> <span class='ocrx_word' id='word_1_11' title='bbox 1132 507 1182 558; x_wconf 92' lang='lat' dir='ltr'>dici</span> <span class='ocrx_word' id='word_1_12' title='bbox 1191 515 1281 575; x_wconf 79' lang='lat' dir='ltr'>potest,</span> <span class='ocrx_word' id='word_1_13' title='bbox 1290 522 1344 574; x_wconf 72' lang='lat' dir='ltr'>qo·</span> 
     </span>
     <span class='ocr_line' id='line_1_3' title="bbox 230 574 1344 650; baseline 0.008 -26"><span class='ocrx_word' id='word_1_14' title='bbox 230 590 295 625; x_wconf 86' lang='lat' dir='ltr'>nem.</span> <span class='ocrx_word' id='word_1_15' title='bbox 314 574 373 636; x_wconf 75' lang='lat' dir='ltr'>Quae</span> <span class='ocrx_word' id='word_1_16' title='bbox 386 578 507 644; x_wconf 86' lang='lat' dir='ltr'>ut&#39;ah&#39;quo</span> <span class='ocrx_word' id='word_1_17' title='bbox 518 583 591 631; x_wconf 93' lang='lat' dir='ltr'>modo</span> <span class='ocrx_word' id='word_1_18' title='bbox 599 585 771 646; x_wconf 88' lang='lat' dir='ltr'>concilientur,</span> <span class='ocrx_word' id='word_1_19' title='bbox 798 587 871 636; x_wconf 88' lang='lat' dir='ltr'>unius</span> <span class='ocrx_word' id='word_1_20' title='bbox 887 595 982 636; x_wconf 91' lang='lat' dir='ltr'>tantum</span> <span class='ocrx_word' id='word_1_21' title='bbox 997 584 1103 634; x_wconf 87' lang='lat' dir='ltr'>nominis</span> <span class='ocrx_word' id='word_1_22' title='bbox 1115 584 1196 650; x_wconf 86' lang='lat' dir='ltr'>prima</span> <span class='ocrx_word' id='word_1_23' title='bbox 1214 584 1289 634; x_wconf 81' lang='lat' dir='ltr'>litera</span> <span class='ocrx_word' id='word_1_24' title='bbox 1306 583 1344 633; x_wconf 81' lang='lat' dir='ltr'>rc}</span> 
     </span>
     <span class='ocr_line' id='line_1_4' title="bbox 230 657 1342 725; baseline 0.008 -25"><span class='ocrx_word' id='word_1_25' title='bbox 230 667 326 702; x_wconf 78' lang='lat' dir='ltr'>neoesse</span> <span class='ocrx_word' id='word_1_26' title='bbox 337 663 374 703; x_wconf 89' lang='lat' dir='ltr'>est</span> <span class='ocrx_word' id='word_1_27' title='bbox 386 664 440 720; x_wconf 90' lang='lat' dir='ltr'>post</span> <span class='ocrx_word' id='word_1_28' title='bbox 453 671 551 705; x_wconf 87' lang='lat' dir='ltr'>auream</span> <span class='ocrx_word' id='word_1_29' title='bbox 565 657 703 709; x_wconf 81' lang='lat' dir='ltr'>Judoeorum</span> <span class='ocrx_word' id='word_1_30' title='bbox 718 661 773 710; x_wconf 82' lang='lat' dir='ltr'>leli·</span> <span class='ocrx_word' id='word_1_31' title='bbox 798 676 888 710; x_wconf 87' lang='lat' dir='ltr'>nomen</span> <span class='ocrx_word' id='word_1_32' title='bbox 912 670 991 711; x_wconf 91' lang='lat' dir='ltr'>totum</span> <span class='ocrx_word' id='word_1_33' title='bbox 1009 661 1047 710; x_wconf 86' lang='lat' dir='ltr'>vel</span> <span class='ocrx_word' id='word_1_34' title='bbox 1066 674 1161 709; x_wconf 87' lang='lat' dir='ltr'>sensum</span> <span class='ocrx_word' id='word_1_35' title='bbox 1174 659 1285 725; x_wconf 86' lang='lat' dir='ltr'>aliquem</span> <span class='ocrx_word' id='word_1_36' title='bbox 1300 658 1342 709; x_wconf 86' lang='lat' dir='ltr'>de-</span> 
     </span>
     <span class='ocr_line' id='line_1_5' title="bbox 230 725 1345 802; baseline 0.007 -27"><span class='ocrx_word' id='word_1_37' title='bbox 230 725 329 777; x_wconf 88' lang='lat' dir='ltr'>citstem</span> <span class='ocrx_word' id='word_1_38' title='bbox 345 738 466 778; x_wconf 80' lang='lat' dir='ltr'>astrorum</span> <span class='ocrx_word' id='word_1_39' title='bbox 489 731 603 782; x_wconf 90' lang='lat' dir='ltr'>ooullictu</span> <span class='ocrx_word' id='word_1_40' title='bbox 623 734 772 801; x_wconf 73' lang='lat' dir='ltr'><strong>disruptam,</strong></span> <span class='ocrx_word' id='word_1_41' title='bbox 798 737 889 802; x_wconf 84' lang='lat' dir='ltr'>signat,</span> <span class='ocrx_word' id='word_1_42' title='bbox 906 734 1039 801; x_wconf 81' lang='lat' dir='ltr'>eujusmodi</span> <span class='ocrx_word' id='word_1_43' title='bbox 1048 734 1158 801; x_wconf 82' lang='lat' dir='ltr'>exempla</span> <span class='ocrx_word' id='word_1_44' title='bbox 1169 733 1197 783; x_wconf 91' lang='lat' dir='ltr'>in</span> <span class='ocrx_word' id='word_1_45' title='bbox 1208 734 1345 800; x_wconf 72' lang='lat' dir='ltr'>significan·</span> 
     </span>
     <span class='ocr_line' id='line_1_6' title="bbox 229 804 1342 878; baseline 0.008 -28"><span class='ocrx_word' id='word_1_46' title='bbox 229 817 306 852; x_wconf 82' lang='lat' dir='ltr'>sorum</span> <span class='ocrx_word' id='word_1_47' title='bbox 316 819 407 853; x_wconf 81' lang='lat' dir='ltr'>novum</span> <span class='ocrx_word' id='word_1_48' title='bbox 415 804 552 873; x_wconf 75' lang='lat' dir='ltr'>imagineris</span> <span class='ocrx_word' id='word_1_49' title='bbox 560 825 629 873; x_wconf 73' lang='lat' dir='ltr'>piene</span> <span class='ocrx_word' id='word_1_50' title='bbox 639 810 773 861; x_wconf 83' lang='lat' dir='ltr'>christiano</span> <span class='ocrx_word' id='word_1_51' title='bbox 799 812 837 861; x_wconf 91' lang='lat' dir='ltr'>dis</span> <span class='ocrx_word' id='word_1_52' title='bbox 847 811 1022 878; x_wconf 83' lang='lat' dir='ltr'>imperatorum</span> <span class='ocrx_word' id='word_1_53' title='bbox 1031 809 1171 861; x_wconf 89' lang='lat' dir='ltr'>nominihus</span> <span class='ocrx_word' id='word_1_54' title='bbox 1179 810 1306 876; x_wconf 85' lang='lat' dir='ltr'>complura</span> <span class='ocrx_word' id='word_1_55' title='bbox 1314 825 1342 859; x_wconf 83' lang='lat' dir='ltr'>sc</span> 
     </span>
     <span class='ocr_line' id='line_1_7' title="bbox 230 879 1343 952; baseline 0.007 -26"><span class='ocrx_word' id='word_1_56' title='bbox 230 893 317 937; x_wconf 82' lang='lat' dir='ltr'>sensu,</span> <span class='ocrx_word' id='word_1_57' title='bbox 331 879 358 928; x_wconf 93' lang='lat' dir='ltr'>iu</span> <span class='ocrx_word' id='word_1_58' title='bbox 374 880 441 945; x_wconf 93' lang='lat' dir='ltr'>quod</span> <span class='ocrx_word' id='word_1_59' title='bbox 452 881 511 946; x_wconf 87' lang='lat' dir='ltr'>justi</span> <span class='ocrx_word' id='word_1_60' title='bbox 526 899 617 942; x_wconf 89' lang='lat' dir='ltr'>omnes,</span> <span class='ocrx_word' id='word_1_61' title='bbox 634 901 684 935; x_wconf 92' lang='lat' dir='ltr'>non</span> <span class='ocrx_word' id='word_1_62' title='bbox 697 886 773 936; x_wconf 82' lang='lat' dir='ltr'>ludaei</span> <span class='ocrx_word' id='word_1_63' title='bbox 799 902 867 952; x_wconf 80' lang='lat' dir='ltr'>pene</span> <span class='ocrx_word' id='word_1_64' title='bbox 890 887 1007 936; x_wconf 86' lang='lat' dir='ltr'>continua</span> <span class='ocrx_word' id='word_1_65' title='bbox 1029 889 1140 952; x_wconf 71' lang='lat' dir='ltr'>prebent</span> <span class='ocrx_word' id='word_1_66' title='bbox 1164 885 1285 952; x_wconf 80' lang='lat' dir='ltr'>primores</span> <span class='ocrx_word' id='word_1_67' title='bbox 1306 895 1343 934; x_wconf 85' lang='grc' dir='ltr'>ιιι</span> 
     </span>
     <span class='ocr_line' id='line_1_8' title="bbox 230 955 1344 1027; baseline 0.004 -22"><span class='ocrx_word' id='word_1_68' title='bbox 230 961 344 1012; x_wconf 81' lang='lat' dir='ltr'>tantum,</span> <span class='ocrx_word' id='word_1_69' title='bbox 372 955 533 1007; x_wconf 85' lang='lat' dir='ltr'>admittantur</span> <span class='ocrx_word' id='word_1_70' title='bbox 557 969 611 1024; x_wconf 91' lang='lat' dir='ltr'>post</span> <span class='ocrx_word' id='word_1_71' title='bbox 634 977 773 1027; x_wconf 89' lang='lat' dir='ltr'>supremum</span> <span class='ocrx_word' id='word_1_72' title='bbox 800 978 881 1011; x_wconf 77' lang='lat' dir='ltr'>versus</span> <span class='ocrx_word' id='word_1_73' title='bbox 900 962 956 1011; x_wconf 84' lang='lat' dir='ltr'>libri</span> <span class='ocrx_word' id='word_1_74' title='bbox 977 962 1038 1011; x_wconf 82' lang='lat' dir='ltr'>Vct</span> <span class='ocrx_word' id='word_1_75' title='bbox 1058 970 1162 1025; x_wconf 88' lang='lat' dir='ltr'>quatuor</span> <span class='ocrx_word' id='word_1_76' title='bbox 1184 959 1243 1010; x_wconf 83' lang='lat' dir='ltr'>libri</span> <span class='ocrx_word' id='word_1_77' title='bbox 1265 959 1344 1009; x_wconf 87' lang='lat' dir='ltr'>ultimi</span> 
     </span>
     <span class='ocr_line' id='line_1_9' title="bbox 232 1027 1345 1104; baseline 0.006 -25"><span class='ocrx_word' id='word_1_78' title='bbox 232 1027 275 1079; x_wconf 77' lang='lat' dir='ltr'>bei</span> <span class='ocrx_word' id='word_1_79' title='bbox 291 1028 422 1094; x_wconf 87' lang='lat' dir='ltr'>judicium,</span> <span class='ocrx_word' id='word_1_80' title='bbox 445 1033 524 1097; x_wconf 78' lang='grc' dir='ltr'><strong>κρίσιν</strong></span> <span class='ocrx_word' id='word_1_81' title='bbox 545 1035 678 1087; x_wconf 72' lang='grc' dir='ltr'><strong>ἀθανάτοιο</strong></span> <span class='ocrx_word' id='word_1_82' title='bbox 697 1040 773 1099; x_wconf 82' lang='grc' dir='ltr'><strong>θεοῦ,</strong></span> <span class='ocrx_word' id='word_1_83' title='bbox 800 1053 868 1104; x_wconf 79' lang='lat' dir='ltr'>panc</span> <span class='ocrx_word' id='word_1_84' title='bbox 886 1037 982 1102; x_wconf 78' lang='lat' dir='ltr'>integri.</span> <span class='ocrx_word' id='word_1_85' title='bbox 997 1037 1045 1086; x_wconf 86' lang='lat' dir='ltr'>Sed</span> <span class='ocrx_word' id='word_1_86' title='bbox 1057 1036 1110 1086; x_wconf 72' lang='lat' dir='ltr'>hec</span> <span class='ocrx_word' id='word_1_87' title='bbox 1131 1034 1213 1086; x_wconf 79' lang='lat' dir='ltr'>facilia</span> <span class='ocrx_word' id='word_1_88' title='bbox 1225 1035 1301 1085; x_wconf 87' lang='lat' dir='ltr'>nimis</span> <span class='ocrx_word' id='word_1_89' title='bbox 1318 1044 1345 1086; x_wconf 82' lang='lat' dir='ltr'>et</span> 
     </span>
     <span class='ocr_line' id='line_1_10' title="bbox 232 1110 1344 1179; baseline 0.006 -27"><span class='ocrx_word' id='word_1_90' title='bbox 232 1114 355 1169; x_wconf 80' lang='lat' dir='ltr'>prseeuute</span> <span class='ocrx_word' id='word_1_91' title='bbox 375 1115 545 1173; x_wconf 69' lang='lat' dir='ltr'>tempestatum</span> <span class='ocrx_word' id='word_1_92' title='bbox 564 1126 702 1161; x_wconf 89' lang='lat' dir='ltr'>annuarum</span> <span class='ocrx_word' id='word_1_93' title='bbox 716 1128 775 1162; x_wconf 89' lang='lat' dir='ltr'>con·</span> <span class='ocrx_word' id='word_1_94' title='bbox 800 1112 841 1162; x_wconf 84' lang='lat' dir='ltr'>rix</span> <span class='ocrx_word' id='word_1_95' title='bbox 850 1112 922 1178; x_wconf 79' lang='lat' dir='ltr'>digua</span> <span class='ocrx_word' id='word_1_96' title='bbox 930 1129 984 1179; x_wconf 77' lang='lat' dir='ltr'>que</span> <span class='ocrx_word' id='word_1_97' title='bbox 992 1120 1115 1162; x_wconf 87' lang='lat' dir='ltr'>notentur.</span> <span class='ocrx_word' id='word_1_98' title='bbox 1124 1110 1259 1161; x_wconf 84' lang='lat' dir='ltr'>Necmulto</span> <span class='ocrx_word' id='word_1_99' title='bbox 1268 1110 1344 1175; x_wconf 74' lang='lat' dir='ltr'>major</span> 
     </span>
     <span class='ocr_line' id='line_1_11' title="bbox 230 1179 1345 1260; baseline 0.007 -34"><span class='ocrx_word' id='word_1_100' title='bbox 230 1179 411 1238; x_wconf 68' lang='lat' dir='ltr'>sessionasild&#39;</span> <span class='ocrx_word' id='word_1_101' title='bbox 424 1184 483 1232; x_wconf 82' lang='grc' dir='ltr'><strong>ὅταν</strong></span> <span class='ocrx_word' id='word_1_102' title='bbox 495 1185 772 1260; x_wconf 74' lang='grc' dir='ltr'><strong>ἀλλάξῃκοιιροὺιθεός,</strong></span> <span class='ocrx_word' id='word_1_103' title='bbox 799 1187 925 1238; x_wconf 72' lang='lat' dir='ltr'>scribentis</span> <span class='ocrx_word' id='word_1_104' title='bbox 949 1202 1037 1254; x_wconf 86' lang='lat' dir='ltr'>opera,</span> <span class='ocrx_word' id='word_1_105' title='bbox 1056 1202 1132 1252; x_wconf 89' lang='lat' dir='ltr'>quum</span> <span class='ocrx_word' id='word_1_106' title='bbox 1153 1183 1254 1236; x_wconf 69' lang='lat' dir='ltr'>diversa</span> <span class='ocrx_word' id='word_1_107' title='bbox 1273 1184 1345 1234; x_wconf 88' lang='lat' dir='ltr'>unius</span> 
     </span>
     <span class='ocr_line' id='line_1_12' title="bbox 230 1255 1347 1325; baseline 0.005 -21"><span class='ocrx_word' id='word_1_108' title='bbox 230 1255 353 1320; x_wconf 91' lang='lat' dir='ltr'>totiusque</span> <span class='ocrx_word' id='word_1_109' title='bbox 376 1258 466 1308; x_wconf 73' lang='lat' dir='ltr'>veteru</span> <span class='ocrx_word' id='word_1_110' title='bbox 488 1260 573 1310; x_wconf 91' lang='lat' dir='ltr'>mundi</span> <span class='ocrx_word' id='word_1_111' title='bbox 598 1261 772 1322; x_wconf 88' lang='lat' dir='ltr'>dissolutione,</span> <span class='ocrx_word' id='word_1_112' title='bbox 800 1263 918 1313; x_wconf 88' lang='lat' dir='ltr'>sermonis</span> <span class='ocrx_word' id='word_1_113' title='bbox 926 1262 1051 1312; x_wconf 75' lang='lat' dir='ltr'>sententia</span> <span class='ocrx_word' id='word_1_114' title='bbox 1063 1271 1131 1311; x_wconf 86' lang='lat' dir='ltr'>certo</span> <span class='ocrx_word' id='word_1_115' title='bbox 1143 1259 1250 1325; x_wconf 87' lang='lat' dir='ltr'>quodam</span> <span class='ocrx_word' id='word_1_116' title='bbox 1264 1259 1347 1310; x_wconf 81' lang='lat' dir='ltr'>litera·</span> 
     </span>
     <span class='ocr_line' id='line_1_13' title="bbox 229 1331 1346 1401; baseline 0.003 -19"><span class='ocrx_word' id='word_1_117' title='bbox 229 1331 280 1382; x_wconf 69' lang='grc' dir='ltr'>ἀλλ’</span> <span class='ocrx_word' id='word_1_118' title='bbox 293 1332 336 1382; x_wconf 81' lang='grc' dir='ltr'>ὅτε</span> <span class='ocrx_word' id='word_1_119' title='bbox 345 1332 440 1398; x_wconf 77' lang='grc' dir='ltr'><strong>κόσμος</strong></span> <span class='ocrx_word' id='word_1_120' title='bbox 449 1333 533 1384; x_wconf 80' lang='grc' dir='ltr'>ὄλωλε.</span> <span class='ocrx_word' id='word_1_121' title='bbox 542 1336 622 1401; x_wconf 76' lang='lat' dir='ltr'>Atque</span> <span class='ocrx_word' id='word_1_122' title='bbox 630 1336 682 1386; x_wconf 79' lang='lat' dir='ltr'>lucc</span> <span class='ocrx_word' id='word_1_123' title='bbox 693 1336 773 1397; x_wconf 77' lang='lat' dir='ltr'>facile,</span> <span class='ocrx_word' id='word_1_124' title='bbox 800 1354 856 1387; x_wconf 91' lang='lat' dir='ltr'>rum</span> <span class='ocrx_word' id='word_1_125' title='bbox 863 1336 1083 1388; x_wconf 85' lang='lat' dir='ltr'>initialiumordine</span> <span class='ocrx_word' id='word_1_126' title='bbox 1090 1336 1277 1393; x_wconf 68' lang='lat' dir='ltr'>continuatur,</span> <span class='ocrx_word' id='word_1_127' title='bbox 1288 1351 1346 1400; x_wconf 85' lang='lat' dir='ltr'>qua·</span> 
     </span>
     <span class='ocr_line' id='line_1_14' title="bbox 230 1405 1345 1479; baseline 0.004 -24"><span class='ocrx_word' id='word_1_128' title='bbox 230 1405 340 1472; x_wconf 90' lang='lat' dir='ltr'>quisquis</span> <span class='ocrx_word' id='word_1_129' title='bbox 348 1408 424 1468; x_wconf 81' lang='lat' dir='ltr'>solet,</span> <span class='ocrx_word' id='word_1_130' title='bbox 433 1424 461 1458; x_wconf 87' lang='lat' dir='ltr'>ex</span> <span class='ocrx_word' id='word_1_131' title='bbox 471 1410 566 1475; x_wconf 84' lang='lat' dir='ltr'>epilogo</span> <span class='ocrx_word' id='word_1_132' title='bbox 572 1409 645 1477; x_wconf 81' lang='lat' dir='ltr'>hujus</span> <span class='ocrx_word' id='word_1_133' title='bbox 652 1413 774 1476; x_wconf 86' lang='lat' dir='ltr'>sectionis,</span> <span class='ocrx_word' id='word_1_134' title='bbox 800 1413 835 1463; x_wconf 85' lang='lat' dir='ltr'>les</span> <span class='ocrx_word' id='word_1_135' title='bbox 848 1413 920 1462; x_wconf 89' lang='lat' dir='ltr'>citari</span> <span class='ocrx_word' id='word_1_136' title='bbox 934 1421 1032 1479; x_wconf 87' lang='lat' dir='ltr'>possunt</span> <span class='ocrx_word' id='word_1_137' title='bbox 1040 1412 1065 1460; x_wconf 88' lang='lat' dir='ltr'>in</span> <span class='ocrx_word' id='word_1_138' title='bbox 1080 1411 1132 1478; x_wconf 88' lang='lat' dir='ltr'>ipsa</span> <span class='ocrx_word' id='word_1_139' title='bbox 1145 1426 1213 1460; x_wconf 82' lang='lat' dir='ltr'>sacra</span> <span class='ocrx_word' id='word_1_140' title='bbox 1223 1410 1345 1476; x_wconf 83' lang='lat' dir='ltr'>scriptura</span> 
     </span>
     <span class='ocr_line' id='line_1_15' title="bbox 231 1485 1344 1553; baseline 0.002 -21"><span class='ocrx_word' id='word_1_141' title='bbox 231 1496 318 1548; x_wconf 71' lang='lat' dir='ltr'>canpe</span> <span class='ocrx_word' id='word_1_142' title='bbox 328 1493 383 1548; x_wconf 88' lang='lat' dir='ltr'>post</span> <span class='ocrx_word' id='word_1_143' title='bbox 394 1498 489 1532; x_wconf 84' lang='lat' dir='ltr'>versum</span> <span class='ocrx_word' id='word_1_144' title='bbox 500 1487 564 1546; x_wconf 82' lang='lat' dir='ltr'>tot,</span> <span class='ocrx_word' id='word_1_145' title='bbox 578 1487 723 1552; x_wconf 87' lang='lat' dir='ltr'>conjecturis</span> <span class='ocrx_word' id='word_1_146' title='bbox 733 1488 777 1536; x_wconf 86' lang='lat' dir='ltr'>eli·</span> <span class='ocrx_word' id='word_1_147' title='bbox 801 1488 819 1538; x_wconf 94' lang='lat' dir='ltr'>ii</span> <span class='ocrx_word' id='word_1_148' title='bbox 829 1489 918 1538; x_wconf 76' lang='lat' dir='ltr'>Psalnu</span> <span class='ocrx_word' id='word_1_149' title='bbox 931 1487 975 1553; x_wconf 91' lang='lat' dir='ltr'>qni</span> <span class='ocrx_word' id='word_1_150' title='bbox 988 1486 1137 1553; x_wconf 75' lang='lat' dir='ltr'>alphabetici</span> <span class='ocrx_word' id='word_1_151' title='bbox 1146 1485 1276 1544; x_wconf 89' lang='lat' dir='ltr'>dicuntur,</span> <span class='ocrx_word' id='word_1_152' title='bbox 1288 1488 1344 1547; x_wconf 84' lang='grc'><strong>118,</strong></span> 
     </span>
     <span class='ocr_line' id='line_1_16' title="bbox 231 1556 1345 1628; baseline 0.003 -22"><span class='ocrx_word' id='word_1_153' title='bbox 231 1556 595 1623; x_wconf 81' lang='lat' dir='ltr'>ciet,sodconjecturistantum</span> <span class='ocrx_word' id='word_1_154' title='bbox 612 1579 617 1609; x_wconf 92' lang='lat'>:</span> <span class='ocrx_word' id='word_1_155' title='bbox 633 1562 694 1612; x_wconf 89' lang='lat' dir='ltr'>adeo</span> <span class='ocrx_word' id='word_1_156' title='bbox 709 1572 777 1613; x_wconf 85' lang='lat' dir='ltr'>tran·</span> <span class='ocrx_word' id='word_1_157' title='bbox 804 1567 862 1622; x_wconf 80' lang='grc'><strong>111,</strong></span> <span class='ocrx_word' id='word_1_158' title='bbox 873 1562 1144 1628; x_wconf 77' lang='lat' dir='ltr'>esteremtapropheta</span> <span class='ocrx_word' id='word_1_159' title='bbox 1151 1561 1345 1611; x_wconf 79' lang='lat' dir='ltr'>lamentationes.</span> 
     </span>
     <span class='ocr_line' id='line_1_17' title="bbox 232 1633 1348 1701; baseline 0.002 -17"><span class='ocrx_word' id='word_1_160' title='bbox 232 1649 261 1684; x_wconf 85' lang='lat' dir='ltr'>oa</span> <span class='ocrx_word' id='word_1_161' title='bbox 269 1643 295 1684; x_wconf 89' lang='lat' dir='ltr'>et</span> <span class='ocrx_word' id='word_1_162' title='bbox 307 1633 395 1684; x_wconf 86' lang='lat' dir='ltr'>mutila</span> <span class='ocrx_word' id='word_1_163' title='bbox 405 1644 461 1684; x_wconf 90' lang='lat' dir='ltr'>sunt</span> <span class='ocrx_word' id='word_1_164' title='bbox 474 1636 564 1685; x_wconf 87' lang='lat' dir='ltr'>omnia.</span> <span class='ocrx_word' id='word_1_165' title='bbox 802 1639 946 1689; x_wconf 76' lang='lat' dir='ltr'>Accedimus</span> <span class='ocrx_word' id='word_1_166' title='bbox 958 1639 990 1689; x_wconf 90' lang='lat' dir='ltr'>ad</span> <span class='ocrx_word' id='word_1_167' title='bbox 1005 1649 1114 1689; x_wconf 89' lang='lat' dir='ltr'>nostrum</span> <span class='ocrx_word' id='word_1_168' title='bbox 1125 1636 1297 1687; x_wconf 73' lang='lat' dir='ltr'>acrostichidis</span> <span class='ocrx_word' id='word_1_169' title='bbox 1309 1651 1348 1701; x_wconf 78' lang='lat' dir='ltr'>gc-</span> 
     </span>
     <span class='ocr_line' id='line_1_18' title="bbox 266 1710 1346 1779; baseline 0.001 -20"><span class='ocrx_word' id='word_1_170' title='bbox 266 1713 325 1767; x_wconf 79' lang='lat' dir='ltr'>tlt,</span> <span class='ocrx_word' id='word_1_171' title='bbox 340 1725 393 1776; x_wconf 88' lang='lat' dir='ltr'>sqq.</span> <span class='ocrx_word' id='word_1_172' title='bbox 418 1710 567 1760; x_wconf 70' lang='lat' dir='ltr'>acrostichis</span> <span class='ocrx_word' id='word_1_173' title='bbox 585 1711 651 1771; x_wconf 83' lang='lat' dir='ltr'>haec,</span> <span class='ocrx_word' id='word_1_174' title='bbox 666 1712 776 1763; x_wconf 88' lang='lat' dir='ltr'>omnium</span> <span class='ocrx_word' id='word_1_175' title='bbox 802 1731 857 1775; x_wconf 82' lang='lat' dir='ltr'>nm,</span> <span class='ocrx_word' id='word_1_176' title='bbox 873 1715 940 1779; x_wconf 83' lang='lat' dir='ltr'>qaod</span> <span class='ocrx_word' id='word_1_177' title='bbox 956 1713 1043 1763; x_wconf 86' lang='lat' dir='ltr'>Cicero</span> <span class='ocrx_word' id='word_1_178' title='bbox 1056 1713 1087 1763; x_wconf 83' lang='lat' dir='ltr'>ad</span> <span class='ocrx_word' id='word_1_179' title='bbox 1101 1712 1211 1762; x_wconf 86' lang='lat' dir='ltr'>Cumana</span> <span class='ocrx_word' id='word_1_180' title='bbox 1224 1710 1346 1762; x_wconf 84' lang='lat' dir='ltr'>llomano·</span> 
     </span>
     <span class='ocr_line' id='line_1_19' title="bbox 231 1783 1372 1855; baseline 0.001 -20"><span class='ocrx_word' id='word_1_181' title='bbox 231 1783 409 1850; x_wconf 84' lang='lat' dir='ltr'>Sibyllinorum</span> <span class='ocrx_word' id='word_1_182' title='bbox 435 1802 490 1851; x_wconf 90' lang='lat' dir='ltr'>pars</span> <span class='ocrx_word' id='word_1_183' title='bbox 516 1786 586 1851; x_wconf 81' lang='lat' dir='ltr'>longe</span> <span class='ocrx_word' id='word_1_184' title='bbox 608 1787 776 1847; x_wconf 86' lang='lat' dir='ltr'>celeberrima,</span> <span class='ocrx_word' id='word_1_185' title='bbox 803 1789 963 1839; x_wconf 85' lang='lat' dir='ltr'>rumoracula</span> <span class='ocrx_word' id='word_1_186' title='bbox 974 1787 1115 1855; x_wconf 82' lang='lat' dir='ltr'>respiciens,</span> <span class='ocrx_word' id='word_1_187' title='bbox 1127 1788 1158 1838; x_wconf 85' lang='lat' dir='ltr'>de</span> <span class='ocrx_word' id='word_1_188' title='bbox 1166 1787 1250 1838; x_wconf 85' lang='lat' dir='ltr'>llirin.</span> <span class='ocrx_word' id='word_1_189' title='bbox 1260 1787 1293 1846; x_wconf 93' lang='lat' dir='ltr'>ll,</span> <span class='ocrx_word' id='word_1_190' title='bbox 1305 1791 1347 1844; x_wconf 77' lang='grc'><strong>51,</strong></span> <span class='ocrx_word' id='word_1_191' title='bbox 1370 1808 1372 1811; x_wconf 95' lang='lat'>·</span> 
     </span>
    </p>
   </div>
   <div class='ocr_carea' id='block_1_3' title="bbox 159 1861 1349 1930">
    <p class='ocr_par' dir='ltr' id='par_1_3' title="bbox 159 1861 1349 1930">
     <span class='ocr_line' id='line_1_20' title="bbox 159 1861 1349 1930; baseline 0.002 -22"><span class='ocrx_word' id='word_1_192' title='bbox 159 1910 165 1922; x_wconf 64' lang='lat'>,</span> <span class='ocrx_word' id='word_1_193' title='bbox 234 1869 374 1910; x_wconf 88' lang='lat' dir='ltr'>monetnos</span> <span class='ocrx_word' id='word_1_194' title='bbox 387 1871 415 1911; x_wconf 92' lang='lat' dir='ltr'>ut</span> <span class='ocrx_word' id='word_1_195' title='bbox 425 1877 480 1926; x_wconf 75' lang='lat' dir='ltr'>qun</span> <span class='ocrx_word' id='word_1_196' title='bbox 490 1862 549 1915; x_wconf 90' lang='lat' dir='ltr'>olim</span> <span class='ocrx_word' id='word_1_197' title='bbox 561 1864 638 1914; x_wconf 90' lang='lat' dir='ltr'>multa</span> <span class='ocrx_word' id='word_1_198' title='bbox 652 1864 723 1913; x_wconf 87' lang='lat' dir='ltr'>deeo</span> <span class='ocrx_word' id='word_1_199' title='bbox 736 1879 777 1912; x_wconf 89' lang='lat' dir='ltr'>ar·</span> <span class='ocrx_word' id='word_1_200' title='bbox 803 1873 883 1924; x_wconf 87' lang='lat' dir='ltr'>recte,</span> <span class='ocrx_word' id='word_1_201' title='bbox 901 1864 1012 1930; x_wconf 75' lang='lat' dir='ltr'>quamvis</span> <span class='ocrx_word' id='word_1_202' title='bbox 1031 1862 1188 1922; x_wconf 86' lang='lat' dir='ltr'>subobscure,</span> <span class='ocrx_word' id='word_1_203' title='bbox 1205 1862 1242 1911; x_wconf 88' lang='lat' dir='ltr'>ita</span> <span class='ocrx_word' id='word_1_204' title='bbox 1255 1861 1349 1919; x_wconf 87' lang='lat' dir='ltr'>delinit,</span> 
     </span>
    </p>
   </div>
   <div class='ocr_carea' id='block_1_4' title="bbox 233 1936 1424 4496">
    <p class='ocr_par' dir='ltr' id='par_1_4' title="bbox 233 1936 1424 4496">
     <span class='ocr_line' id='line_1_21' title="bbox 233 1936 1349 2006; baseline 0.002 -21"><span class='ocrx_word' id='word_1_205' title='bbox 233 1945 349 2000; x_wconf 71' lang='lat' dir='ltr'>gumeuto</span> <span class='ocrx_word' id='word_1_206' title='bbox 373 1936 529 1986; x_wconf 80' lang='lat' dir='ltr'>dissensimus</span> <span class='ocrx_word' id='word_1_207' title='bbox 557 1938 584 1988; x_wconf 92' lang='lat' dir='ltr'>in</span> <span class='ocrx_word' id='word_1_208' title='bbox 613 1939 723 1988; x_wconf 78' lang='lat' dir='ltr'>Excursu</span> <span class='ocrx_word' id='word_1_209' title='bbox 746 1939 776 1999; x_wconf 83' lang='lat' dir='ltr'>v,</span> <span class='ocrx_word' id='word_1_210' title='bbox 805 1961 818 1984; x_wconf 75' lang='grc' dir='ltr'><strong>α</strong></span> <span class='ocrx_word' id='word_1_211' title='bbox 831 1939 875 1989; x_wconf 93' lang='lat' dir='ltr'>ubi</span> <span class='ocrx_word' id='word_1_212' title='bbox 884 1939 1003 2006; x_wconf 82' lang='lat' dir='ltr'>exprimo</span> <span class='ocrx_word' id='word_1_213' title='bbox 1014 1954 1085 1989; x_wconf 79' lang='lat' dir='ltr'>versu</span> <span class='ocrx_word' id='word_1_214' title='bbox 1095 1940 1213 2004; x_wconf 85' lang='lat' dir='ltr'>cujusque</span> <span class='ocrx_word' id='word_1_215' title='bbox 1222 1936 1349 1987; x_wconf 75' lang='lat' dir='ltr'>sententie</span> 
     </span>
     <span class='ocr_line' id='line_1_22' title="bbox 234 2012 1350 2081; baseline 0 -20"><span class='ocrx_word' id='word_1_216' title='bbox 234 2027 290 2077; x_wconf 86' lang='lat' dir='ltr'>cap.</span> <span class='ocrx_word' id='word_1_217' title='bbox 306 2016 339 2070; x_wconf 80' lang='lat' dir='ltr'>b,</span> <span class='ocrx_word' id='word_1_218' title='bbox 353 2012 436 2077; x_wconf 83' lang='lat' dir='ltr'>paucis</span> <span class='ocrx_word' id='word_1_219' title='bbox 453 2029 519 2062; x_wconf 89' lang='lat' dir='ltr'>nuno</span> <span class='ocrx_word' id='word_1_220' title='bbox 537 2030 696 2064; x_wconf 87' lang='lat' dir='ltr'>resumamus.</span> <span class='ocrx_word' id='word_1_221' title='bbox 719 2013 778 2076; x_wconf 77' lang='lat' dir='ltr'>Quae</span> <span class='ocrx_word' id='word_1_222' title='bbox 806 2014 915 2081; x_wconf 79' lang='lat' dir='ltr'>«primis</span> <span class='ocrx_word' id='word_1_223' title='bbox 932 2014 1008 2064; x_wconf 92' lang='lat' dir='ltr'>literis</span> <span class='ocrx_word' id='word_1_224' title='bbox 1021 2012 1086 2063; x_wconf 87' lang='lat' dir='ltr'>illius</span> <span class='ocrx_word' id='word_1_225' title='bbox 1105 2012 1231 2063; x_wconf 76' lang='lat' dir='ltr'>sentmtia</span> <span class='ocrx_word' id='word_1_226' title='bbox 1252 2027 1350 2062; x_wconf 72' lang='lat' dir='ltr'>umen</span> 
     </span>
     <span class='ocr_line' id='line_1_23' title="bbox 233 2085 1353 2156; baseline -0.001 -20"><span class='ocrx_word' id='word_1_227' title='bbox 233 2102 309 2152; x_wconf 73' lang='lat' dir='ltr'>graece</span> <span class='ocrx_word' id='word_1_228' title='bbox 318 2109 331 2129; x_wconf 74' lang='grc' dir='ltr'><strong>ν</strong></span> <span class='ocrx_word' id='word_1_229' title='bbox 340 2087 482 2138; x_wconf 81' lang='lat' dir='ltr'>acrostichis</span> <span class='ocrx_word' id='word_1_230' title='bbox 493 2112 513 2148; x_wconf 71' lang='lat' dir='ltr'>n,</span> <span class='ocrx_word' id='word_1_231' title='bbox 528 2088 650 2139; x_wconf 79' lang='lat' dir='ltr'>interdum</span> <span class='ocrx_word' id='word_1_232' title='bbox 662 2091 736 2140; x_wconf 84' lang='lat' dir='ltr'>etiam</span> <span class='ocrx_word' id='word_1_233' title='bbox 750 2106 779 2140; x_wconf 90' lang='lat' dir='ltr'>ac</span> <span class='ocrx_word' id='word_1_234' title='bbox 808 2110 820 2134; x_wconf 76' lang='lat' dir='ltr'>s</span> <span class='ocrx_word' id='word_1_235' title='bbox 831 2106 902 2140; x_wconf 90' lang='lat' dir='ltr'>omne</span> <span class='ocrx_word' id='word_1_236' title='bbox 928 2089 1106 2156; x_wconf 70' lang='lat' dir='ltr'>protexitur»,</span> <span class='ocrx_word' id='word_1_237' title='bbox 1125 2088 1192 2153; x_wconf 91' lang='lat' dir='ltr'>quod</span> <span class='ocrx_word' id='word_1_238' title='bbox 1198 2087 1285 2137; x_wconf 89' lang='lat' dir='ltr'>melius</span> <span class='ocrx_word' id='word_1_239' title='bbox 1303 2085 1353 2136; x_wconf 64' lang='lat' dir='ltr'>lou</span> 
     </span>
     <span class='ocr_line' id='line_1_24' title="bbox 235 2160 1354 2230; baseline -0.001 -19"><span class='ocrx_word' id='word_1_240' title='bbox 235 2160 369 2229; x_wconf 69' lang='lat' dir='ltr'>prasertim</span> <span class='ocrx_word' id='word_1_241' title='bbox 386 2162 461 2212; x_wconf 88' lang='lat' dir='ltr'>latine</span> <span class='ocrx_word' id='word_1_242' title='bbox 476 2183 489 2207; x_wconf 76' lang='grc' dir='ltr'><strong>α</strong></span> <span class='ocrx_word' id='word_1_243' title='bbox 501 2163 696 2213; x_wconf 76' lang='lat' dir='ltr'>acrosticbium»</span> <span class='ocrx_word' id='word_1_244' title='bbox 715 2180 779 2213; x_wconf 89' lang='lat' dir='ltr'>nun·</span> <span class='ocrx_word' id='word_1_245' title='bbox 806 2174 882 2226; x_wconf 84' lang='lat' dir='ltr'>tasse,</span> <span class='ocrx_word' id='word_1_246' title='bbox 906 2174 972 2214; x_wconf 86' lang='lat' dir='ltr'>certe</span> <span class='ocrx_word' id='word_1_247' title='bbox 993 2163 1137 2230; x_wconf 90' lang='lat' dir='ltr'>pellucidius</span> <span class='ocrx_word' id='word_1_248' title='bbox 1149 2161 1264 2220; x_wconf 80' lang='lat' dir='ltr'>dixisset,</span> <span class='ocrx_word' id='word_1_249' title='bbox 1288 2183 1301 2207; x_wconf 80' lang='lat' dir='ltr'>s</span> <span class='ocrx_word' id='word_1_250' title='bbox 1311 2161 1354 2210; x_wconf 89' lang='lat' dir='ltr'>ubi</span> 
     </span>
     <span class='ocr_line' id='line_1_25' title="bbox 235 2237 1355 2304; baseline 0 -17"><span class='ocrx_word' id='word_1_251' title='bbox 235 2237 452 2304; x_wconf 76' lang='lat' dir='ltr'>cupaturzminus</span> <span class='ocrx_word' id='word_1_252' title='bbox 476 2247 558 2288; x_wconf 89' lang='lat' dir='ltr'>tamen</span> <span class='ocrx_word' id='word_1_253' title='bbox 582 2238 696 2304; x_wconf 90' lang='lat' dir='ltr'>proprie,</span> <span class='ocrx_word' id='word_1_254' title='bbox 723 2240 781 2304; x_wconf 86' lang='lat' dir='ltr'>quia</span> <span class='ocrx_word' id='word_1_255' title='bbox 807 2259 837 2293; x_wconf 80' lang='lat' dir='ltr'>ex</span> <span class='ocrx_word' id='word_1_256' title='bbox 850 2241 928 2290; x_wconf 91' lang='lat' dir='ltr'>literis</span> <span class='ocrx_word' id='word_1_257' title='bbox 937 2239 1008 2288; x_wconf 91' lang='lat' dir='ltr'>unius</span> <span class='ocrx_word' id='word_1_258' title='bbox 1017 2238 1210 2304; x_wconf 82' lang='lat' dir='ltr'>alicujusrersus</span> <span class='ocrx_word' id='word_1_259' title='bbox 1221 2237 1355 2288; x_wconf 80' lang='lat' dir='ltr'>omniase-</span> 
     </span>
     <span class='ocr_line' id='line_1_26' title="bbox 236 2311 1352 2383; baseline 0.003 -22"><span class='ocrx_word' id='word_1_260' title='bbox 236 2311 409 2362; x_wconf 83' lang='lat' dir='ltr'>acrostichium</span> <span class='ocrx_word' id='word_1_261' title='bbox 422 2313 502 2379; x_wconf 88' lang='lat' dir='ltr'>prima</span> <span class='ocrx_word' id='word_1_262' title='bbox 514 2323 550 2363; x_wconf 88' lang='lat' dir='ltr'>est</span> <span class='ocrx_word' id='word_1_263' title='bbox 561 2313 632 2363; x_wconf 84' lang='lat' dir='ltr'>litera</span> <span class='ocrx_word' id='word_1_264' title='bbox 645 2330 687 2363; x_wconf 90' lang='lat' dir='ltr'>seu</span> <span class='ocrx_word' id='word_1_265' title='bbox 700 2330 781 2364; x_wconf 83' lang='lat' dir='ltr'>versus</span> <span class='ocrx_word' id='word_1_266' title='bbox 808 2315 935 2383; x_wconf 87' lang='lat' dir='ltr'>quentium</span> <span class='ocrx_word' id='word_1_267' title='bbox 945 2329 1057 2363; x_wconf 85' lang='lat' dir='ltr'>versuum</span> <span class='ocrx_word' id='word_1_268' title='bbox 1074 2312 1145 2363; x_wconf 85' lang='lat' dir='ltr'>initia</span> <span class='ocrx_word' id='word_1_269' title='bbox 1160 2312 1317 2362; x_wconf 85' lang='lat' dir='ltr'>deducuntur</span> <span class='ocrx_word' id='word_1_270' title='bbox 1328 2332 1352 2363; x_wconf 72' lang='lat' dir='ltr'>a.</span> 
     </span>
     <span class='ocr_line' id='line_1_27' title="bbox 237 2387 1356 2456; baseline -0.002 -18"><span class='ocrx_word' id='word_1_271' title='bbox 237 2403 279 2438; x_wconf 88' lang='lat' dir='ltr'>seu</span> <span class='ocrx_word' id='word_1_272' title='bbox 288 2388 354 2438; x_wconf 77' lang='lat' dir='ltr'>vocis</span> <span class='ocrx_word' id='word_1_273' title='bbox 363 2389 474 2453; x_wconf 85' lang='lat' dir='ltr'>alicujus,</span> <span class='ocrx_word' id='word_1_274' title='bbox 487 2388 630 2438; x_wconf 85' lang='lat' dir='ltr'>acrostichis</span> <span class='ocrx_word' id='word_1_275' title='bbox 640 2406 698 2439; x_wconf 79' lang='lat' dir='ltr'>vero</span> <span class='ocrx_word' id='word_1_276' title='bbox 710 2405 782 2456; x_wconf 90' lang='lat' dir='ltr'>opus·</span> <span class='ocrx_word' id='word_1_277' title='bbox 808 2392 873 2442; x_wconf 87' lang='lat' dir='ltr'>Talis</span> <span class='ocrx_word' id='word_1_278' title='bbox 886 2388 932 2439; x_wconf 87' lang='lat' dir='ltr'>luit</span> <span class='ocrx_word' id='word_1_279' title='bbox 943 2388 1003 2438; x_wconf 87' lang='lat' dir='ltr'>ordo</span> <span class='ocrx_word' id='word_1_280' title='bbox 1012 2388 1138 2438; x_wconf 84' lang='lat' dir='ltr'>literarum</span> <span class='ocrx_word' id='word_1_281' title='bbox 1147 2387 1174 2436; x_wconf 92' lang='lat' dir='ltr'>in</span> <span class='ocrx_word' id='word_1_282' title='bbox 1183 2387 1300 2437; x_wconf 84' lang='lat' dir='ltr'>Cumanis</span> <span class='ocrx_word' id='word_1_283' title='bbox 1313 2395 1356 2436; x_wconf 86' lang='lat' dir='ltr'>aut</span> 
     </span>
     <span class='ocr_line' id='line_1_28' title="bbox 238 2462 1357 2529; baseline -0.001 -17"><span class='ocrx_word' id='word_1_284' title='bbox 238 2463 321 2512; x_wconf 89' lang='lat' dir='ltr'>culum</span> <span class='ocrx_word' id='word_1_285' title='bbox 335 2463 385 2512; x_wconf 86' lang='lat' dir='ltr'>sive</span> <span class='ocrx_word' id='word_1_286' title='bbox 407 2463 518 2528; x_wconf 86' lang='lat' dir='ltr'>opusculi</span> <span class='ocrx_word' id='word_1_287' title='bbox 534 2463 695 2529; x_wconf 77' lang='lat' dir='ltr'>fragmentum</span> <span class='ocrx_word' id='word_1_288' title='bbox 709 2481 740 2514; x_wconf 80' lang='lat' dir='ltr'>en</span> <span class='ocrx_word' id='word_1_289' title='bbox 753 2465 783 2514; x_wconf 93' lang='lat' dir='ltr'>li·</span> <span class='ocrx_word' id='word_1_290' title='bbox 809 2468 843 2517; x_wconf 86' lang='lat' dir='ltr'>sic</span> <span class='ocrx_word' id='word_1_291' title='bbox 858 2463 930 2514; x_wconf 88' lang='lat' dir='ltr'>dictis</span> <span class='ocrx_word' id='word_1_292' title='bbox 943 2464 1007 2529; x_wconf 89' lang='lat' dir='ltr'>apud</span> <span class='ocrx_word' id='word_1_293' title='bbox 1027 2462 1148 2513; x_wconf 85' lang='lat' dir='ltr'>Romanos</span> <span class='ocrx_word' id='word_1_294' title='bbox 1160 2462 1276 2521; x_wconf 86' lang='lat' dir='ltr'>oraculis,</span> <span class='ocrx_word' id='word_1_295' title='bbox 1292 2462 1357 2512; x_wconf 78' lang='lat' dir='ltr'>sicist</span> 
     </span>
     <span class='ocr_line' id='line_1_29' title="bbox 238 2537 1356 2604; baseline -0.002 -15"><span class='ocrx_word' id='word_1_296' title='bbox 238 2537 296 2590; x_wconf 85' lang='lat' dir='ltr'>teris</span> <span class='ocrx_word' id='word_1_297' title='bbox 314 2537 477 2604; x_wconf 87' lang='lat' dir='ltr'>complurium</span> <span class='ocrx_word' id='word_1_298' title='bbox 497 2554 585 2587; x_wconf 79' lang='lat' dir='ltr'>vocum</span> <span class='ocrx_word' id='word_1_299' title='bbox 604 2539 739 2589; x_wconf 81' lang='lat' dir='ltr'>initialibus</span> <span class='ocrx_word' id='word_1_300' title='bbox 757 2539 784 2589; x_wconf 90' lang='lat' dir='ltr'>in</span> <span class='ocrx_word' id='word_1_301' title='bbox 810 2544 883 2593; x_wconf 83' lang='lat' dir='ltr'>allato</span> <span class='ocrx_word' id='word_1_302' title='bbox 894 2555 944 2589; x_wconf 92' lang='lat' dir='ltr'>uno</span> <span class='ocrx_word' id='word_1_303' title='bbox 954 2549 980 2590; x_wconf 86' lang='lat' dir='ltr'>et</span> <span class='ocrx_word' id='word_1_304' title='bbox 993 2539 1070 2589; x_wconf 87' lang='lat' dir='ltr'>altero</span> <span class='ocrx_word' id='word_1_305' title='bbox 1083 2539 1194 2604; x_wconf 83' lang='lat' dir='ltr'>exemplo</span> <span class='ocrx_word' id='word_1_306' title='bbox 1207 2538 1356 2588; x_wconf 81' lang='lat' dir='ltr'>monstrari·</span> 
     </span>
     <span class='ocr_line' id='line_1_30' title="bbox 239 2611 1358 2679; baseline 0 -16"><span class='ocrx_word' id='word_1_307' title='bbox 239 2614 362 2664; x_wconf 81' lang='lat' dir='ltr'>continuae</span> <span class='ocrx_word' id='word_1_308' title='bbox 385 2613 510 2662; x_wconf 76' lang='lat' dir='ltr'>sentcntiae</span> <span class='ocrx_word' id='word_1_309' title='bbox 526 2611 628 2663; x_wconf 88' lang='lat' dir='ltr'>lormam</span> <span class='ocrx_word' id='word_1_310' title='bbox 649 2614 782 2664; x_wconf 88' lang='lat' dir='ltr'>redactum.</span> <span class='ocrx_word' id='word_1_311' title='bbox 811 2633 865 2668; x_wconf 87' lang='lat' dir='ltr'>mus</span> <span class='ocrx_word' id='word_1_312' title='bbox 880 2615 907 2664; x_wconf 98' lang='lat' dir='ltr'>in</span> <span class='ocrx_word' id='word_1_313' title='bbox 921 2614 980 2664; x_wconf 81' lang='lat' dir='ltr'>Esc.</span> <span class='ocrx_word' id='word_1_314' title='bbox 998 2614 1106 2679; x_wconf 91' lang='lat' dir='ltr'>lll,quo</span> <span class='ocrx_word' id='word_1_315' title='bbox 1125 2623 1202 2663; x_wconf 87' lang='lat' dir='ltr'>totam</span> <span class='ocrx_word' id='word_1_316' title='bbox 1218 2614 1250 2664; x_wconf 85' lang='lat' dir='ltr'>ad</span> <span class='ocrx_word' id='word_1_317' title='bbox 1269 2612 1358 2663; x_wconf 85' lang='lat' dir='ltr'>Cuma·</span> 
     </span>
     <span class='ocr_line' id='line_1_31' title="bbox 241 2687 1358 2755; baseline -0.002 -16"><span class='ocrx_word' id='word_1_318' title='bbox 241 2688 326 2754; x_wconf 85' lang='lat' dir='ltr'>ltaque</span> <span class='ocrx_word' id='word_1_319' title='bbox 347 2704 397 2738; x_wconf 93' lang='lat' dir='ltr'>non</span> <span class='ocrx_word' id='word_1_320' title='bbox 413 2697 470 2737; x_wconf 89' lang='lat' dir='ltr'>sunt</span> <span class='ocrx_word' id='word_1_321' title='bbox 487 2687 637 2738; x_wconf 87' lang='lat' dir='ltr'>acrostichiis</span> <span class='ocrx_word' id='word_1_322' title='bbox 656 2705 785 2740; x_wconf 85' lang='lat' dir='ltr'>accensen-</span> <span class='ocrx_word' id='word_1_323' title='bbox 811 2708 856 2742; x_wconf 87' lang='lat' dir='ltr'>nos</span> <span class='ocrx_word' id='word_1_324' title='bbox 870 2690 946 2740; x_wconf 91' lang='lat' dir='ltr'>bbros</span> <span class='ocrx_word' id='word_1_325' title='bbox 961 2697 1112 2755; x_wconf 84' lang='lat' dir='ltr'>spectantem</span> <span class='ocrx_word' id='word_1_326' title='bbox 1131 2687 1268 2738; x_wconf 85' lang='lat' dir='ltr'>doctrinam</span> <span class='ocrx_word' id='word_1_327' title='bbox 1280 2703 1358 2754; x_wconf 80' lang='lat' dir='ltr'>expo·</span> 
     </span>
     <span class='ocr_line' id='line_1_32' title="bbox 242 2762 1360 2829; baseline -0.001 -16"><span class='ocrx_word' id='word_1_328' title='bbox 242 2764 269 2814; x_wconf 95' lang='lat' dir='ltr'>di</span> <span class='ocrx_word' id='word_1_329' title='bbox 293 2763 312 2813; x_wconf 92' lang='lat' dir='ltr'>ii</span> <span class='ocrx_word' id='word_1_330' title='bbox 336 2763 417 2828; x_wconf 78' lang='lat' dir='ltr'>griphi</span> <span class='ocrx_word' id='word_1_331' title='bbox 445 2762 489 2829; x_wconf 89' lang='lat' dir='ltr'>qui</span> <span class='ocrx_word' id='word_1_332' title='bbox 518 2778 549 2812; x_wconf 80' lang='lat' dir='ltr'>ex</span> <span class='ocrx_word' id='word_1_333' title='bbox 575 2763 786 2815; x_wconf 68' lang='lat' dir='ltr'>omnibus&#39;unius</span> <span class='ocrx_word' id='word_1_334' title='bbox 812 2767 911 2817; x_wconf 88' lang='lat' dir='ltr'>suimus.</span> <span class='ocrx_word' id='word_1_335' title='bbox 927 2764 976 2814; x_wconf 88' lang='lat' dir='ltr'>Nec</span> <span class='ocrx_word' id='word_1_336' title='bbox 989 2765 1054 2813; x_wconf 85' lang='lat' dir='ltr'>soltu</span> <span class='ocrx_word' id='word_1_337' title='bbox 1067 2763 1172 2829; x_wconf 83' lang='lat' dir='ltr'>respexit</span> <span class='ocrx_word' id='word_1_338' title='bbox 1183 2763 1214 2812; x_wconf 83' lang='lat' dir='ltr'>ad</span> <span class='ocrx_word' id='word_1_339' title='bbox 1228 2762 1304 2813; x_wconf 86' lang='lat' dir='ltr'>istum</span> <span class='ocrx_word' id='word_1_340' title='bbox 1319 2778 1360 2812; x_wconf 89' lang='lat' dir='ltr'>or·</span> 
     </span>
     <span class='ocr_line' id='line_1_33' title="bbox 243 2837 1359 2906; baseline 0 -18"><span class='ocrx_word' id='word_1_341' title='bbox 243 2839 309 2889; x_wconf 79' lang='lat' dir='ltr'>vocis</span> <span class='ocrx_word' id='word_1_342' title='bbox 321 2838 399 2888; x_wconf 85' lang='lat' dir='ltr'>literis</span> <span class='ocrx_word' id='word_1_343' title='bbox 418 2853 462 2903; x_wconf 91' lang='lat' dir='ltr'>per</span> <span class='ocrx_word' id='word_1_344' title='bbox 473 2853 586 2892; x_wconf 70' lang='lat' dir='ltr'>numoeos</span> <span class='ocrx_word' id='word_1_345' title='bbox 603 2855 660 2888; x_wconf 90' lang='lat' dir='ltr'>suos</span> <span class='ocrx_word' id='word_1_346' title='bbox 678 2840 786 2906; x_wconf 76' lang='lat' dir='ltr'>dsstgoa-</span> <span class='ocrx_word' id='word_1_347' title='bbox 813 2842 895 2892; x_wconf 89' lang='lat' dir='ltr'>dinem</span> <span class='ocrx_word' id='word_1_348' title='bbox 907 2839 992 2889; x_wconf 86' lang='lat' dir='ltr'>Cicero</span> <span class='ocrx_word' id='word_1_349' title='bbox 1012 2840 1059 2888; x_wconf 83' lang='lat' dir='ltr'>loc.</span> <span class='ocrx_word' id='word_1_350' title='bbox 1079 2841 1137 2897; x_wconf 71' lang='lat' dir='ltr'>cit:</span> <span class='ocrx_word' id='word_1_351' title='bbox 1157 2839 1200 2889; x_wconf 85' lang='lat' dir='ltr'>sed</span> <span class='ocrx_word' id='word_1_352' title='bbox 1212 2847 1238 2888; x_wconf 84' lang='lat' dir='ltr'>et</span> <span class='ocrx_word' id='word_1_353' title='bbox 1251 2854 1282 2887; x_wconf 81' lang='lat' dir='ltr'>ex</span> <span class='ocrx_word' id='word_1_354' title='bbox 1295 2837 1359 2888; x_wconf 82' lang='lat' dir='ltr'>Var-</span> 
     </span>
     <span class='ocr_line' id='line_1_34' title="bbox 242 2911 1360 2979; baseline -0.004 -14"><span class='ocrx_word' id='word_1_355' title='bbox 242 2915 275 2965; x_wconf 87' lang='lat' dir='ltr'>tis</span> <span class='ocrx_word' id='word_1_356' title='bbox 296 2923 321 2964; x_wconf 86' lang='lat' dir='ltr'>et</span> <span class='ocrx_word' id='word_1_357' title='bbox 338 2913 365 2962; x_wconf 89' lang='lat' dir='ltr'>in</span> <span class='ocrx_word' id='word_1_358' title='bbox 389 2928 464 2962; x_wconf 84' lang='lat' dir='ltr'>unam</span> <span class='ocrx_word' id='word_1_359' title='bbox 484 2928 601 2963; x_wconf 86' lang='lat' dir='ltr'>summam</span> <span class='ocrx_word' id='word_1_360' title='bbox 626 2914 719 2965; x_wconf 86' lang='lat' dir='ltr'>collatis</span> <span class='ocrx_word' id='word_1_361' title='bbox 732 2931 788 2965; x_wconf 89' lang='lat' dir='ltr'>sen-</span> <span class='ocrx_word' id='word_1_362' title='bbox 813 2915 880 2965; x_wconf 87' lang='lat' dir='ltr'>ronis</span> <span class='ocrx_word' id='word_1_363' title='bbox 899 2913 947 2963; x_wconf 90' lang='lat' dir='ltr'>lide</span> <span class='ocrx_word' id='word_1_364' title='bbox 964 2913 1091 2979; x_wconf 82' lang='lat' dir='ltr'>Dionysius</span> <span class='ocrx_word' id='word_1_365' title='bbox 1103 2911 1360 2973; x_wconf 74' lang='lat' dir='ltr'>fluicamaaeus,1t‘,</span> 
     </span>
     <span class='ocr_line' id='line_1_35' title="bbox 245 2987 1360 3060; baseline -0.004 -18"><span class='ocrx_word' id='word_1_366' title='bbox 245 3008 299 3042; x_wconf 91' lang='lat' dir='ltr'>sum</span> <span class='ocrx_word' id='word_1_367' title='bbox 312 2991 418 3055; x_wconf 84' lang='lat' dir='ltr'>aliquem</span> <span class='ocrx_word' id='word_1_368' title='bbox 431 2990 553 3051; x_wconf 90' lang='lat' dir='ltr'>efficiunt,</span> <span class='ocrx_word' id='word_1_369' title='bbox 568 2992 651 3057; x_wconf 89' lang='lat' dir='ltr'>quales</span> <span class='ocrx_word' id='word_1_370' title='bbox 669 2993 696 3042; x_wconf 92' lang='lat' dir='ltr'>in</span> <span class='ocrx_word' id='word_1_371' title='bbox 708 2992 787 3060; x_wconf 88' lang='lat' dir='ltr'>Sibyl·</span> <span class='ocrx_word' id='word_1_372' title='bbox 814 2992 890 3056; x_wconf 74' lang='lat'>502,</span> <span class='ocrx_word' id='word_1_373' title='bbox 910 2990 1012 3048; x_wconf 88' lang='lat' dir='ltr'>addens,</span> <span class='ocrx_word' id='word_1_374' title='bbox 1033 2989 1108 3055; x_wconf 87' lang='lat' dir='ltr'>siqui</span> <span class='ocrx_word' id='word_1_375' title='bbox 1121 2987 1184 3038; x_wconf 79' lang='lat' dir='ltr'>forte</span> <span class='ocrx_word' id='word_1_376' title='bbox 1203 2987 1281 3054; x_wconf 89' lang='lat' dir='ltr'>spurii</span> <span class='ocrx_word' id='word_1_377' title='bbox 1302 3002 1360 3037; x_wconf 83' lang='lat' dir='ltr'>rer·-</span> 
     </span>
     <span class='ocr_line' id='line_1_36' title="bbox 246 3061 1365 3134; baseline -0.004 -17"><span class='ocrx_word' id='word_1_378' title='bbox 246 3067 304 3117; x_wconf 87' lang='lat' dir='ltr'>bnis</span> <span class='ocrx_word' id='word_1_379' title='bbox 322 3077 372 3118; x_wconf 83' lang='lat' dir='ltr'>tros</span> <span class='ocrx_word' id='word_1_380' title='bbox 390 3067 526 3117; x_wconf 80' lang='lat' dir='ltr'>invenimus</span> <span class='ocrx_word' id='word_1_381' title='bbox 536 3106 542 3124; x_wconf 91' lang='lat'>,</span> <span class='ocrx_word' id='word_1_382' title='bbox 551 3067 580 3130; x_wconf 88' lang='lat' dir='ltr'>l,</span> <span class='ocrx_word' id='word_1_383' title='bbox 595 3071 652 3128; x_wconf 85' lang='grc'><strong>111,</strong></span> <span class='ocrx_word' id='word_1_384' title='bbox 662 3084 714 3134; x_wconf 86' lang='lat' dir='ltr'>sqq.</span> <span class='ocrx_word' id='word_1_385' title='bbox 727 3069 788 3132; x_wconf 87' lang='lat' dir='ltr'>(etsi</span> <span class='ocrx_word' id='word_1_386' title='bbox 814 3084 853 3117; x_wconf 87' lang='lat' dir='ltr'>sus</span> <span class='ocrx_word' id='word_1_387' title='bbox 873 3066 904 3115; x_wconf 90' lang='lat' dir='ltr'>iis</span> <span class='ocrx_word' id='word_1_388' title='bbox 917 3065 1020 3114; x_wconf 90' lang='lat' dir='ltr'>oraculis</span> <span class='ocrx_word' id='word_1_389' title='bbox 1035 3063 1199 3130; x_wconf 87' lang='lat' dir='ltr'>irrepsissent‚</span> <span class='ocrx_word' id='word_1_390' title='bbox 1216 3061 1365 3114; x_wconf 50' lang='lat' dir='ltr'>acrostichi-1</span> 
     </span>
     <span class='ocr_line' id='line_1_37' title="bbox 247 3137 1362 3209; baseline -0.006 -14"><span class='ocrx_word' id='word_1_391' title='bbox 247 3144 322 3195; x_wconf 82' lang='lat' dir='ltr'>dubia</span> <span class='ocrx_word' id='word_1_392' title='bbox 335 3143 386 3194; x_wconf 91' lang='lat' dir='ltr'>illic</span> <span class='ocrx_word' id='word_1_393' title='bbox 399 3152 434 3193; x_wconf 80' lang='lat' dir='ltr'>est</span> <span class='ocrx_word' id='word_1_394' title='bbox 446 3143 640 3209; x_wconf 79' lang='lat' dir='ltr'>interpretatio),</span> <span class='ocrx_word' id='word_1_395' title='bbox 657 3144 683 3194; x_wconf 94' lang='lat' dir='ltr'>iu</span> <span class='ocrx_word' id='word_1_396' title='bbox 695 3144 738 3195; x_wconf 83' lang='lat' dir='ltr'>ltei</span> <span class='ocrx_word' id='word_1_397' title='bbox 748 3162 790 3195; x_wconf 90' lang='lat' dir='ltr'>uo·</span> <span class='ocrx_word' id='word_1_398' title='bbox 816 3143 853 3192; x_wconf 91' lang='lat' dir='ltr'>dis</span> <span class='ocrx_word' id='word_1_399' title='bbox 872 3141 932 3190; x_wconf 80' lang='lat' dir='ltr'>vitio</span> <span class='ocrx_word' id='word_1_400' title='bbox 953 3139 1102 3205; x_wconf 85' lang='lat' dir='ltr'>deprehendi</span> <span class='ocrx_word' id='word_1_401' title='bbox 1126 3141 1312 3205; x_wconf 82' lang='grc' dir='ltr'><strong>;“Ἐλέγχονιιιι</strong></span> <span class='ocrx_word' id='word_1_402' title='bbox 1335 3137 1362 3188; x_wconf 75' lang='lat' dir='ltr'>dl</span> 
     </span>
     <span class='ocr_line' id='line_1_38' title="bbox 248 3212 1361 3286; baseline -0.007 -16"><span class='ocrx_word' id='word_1_403' title='bbox 248 3220 316 3270; x_wconf 87' lang='lat' dir='ltr'>mine</span> <span class='ocrx_word' id='word_1_404' title='bbox 332 3218 504 3285; x_wconf 75' lang='lat' dir='ltr'>exprimendo:</span> <span class='ocrx_word' id='word_1_405' title='bbox 523 3219 592 3272; x_wconf 88' lang='lat' dir='ltr'>item.</span> <span class='ocrx_word' id='word_1_406' title='bbox 609 3218 633 3279; x_wconf 94' lang='lat' dir='ltr'>l,</span> <span class='ocrx_word' id='word_1_407' title='bbox 656 3222 713 3277; x_wconf 74' lang='lat'>326,</span> <span class='ocrx_word' id='word_1_408' title='bbox 737 3236 790 3286; x_wconf 88' lang='lat' dir='ltr'>sqq.</span> <span class='ocrx_word' id='word_1_409' title='bbox 816 3219 869 3272; x_wconf 78' lang='grc' dir='ltr'><strong>ταῖς</strong></span> <span class='ocrx_word' id='word_1_410' title='bbox 882 3216 1044 3278; x_wconf 77' lang='grc' dir='ltr'><strong>καλουμέναις</strong></span> <span class='ocrx_word' id='word_1_411' title='bbox 1057 3215 1220 3280; x_wconf 72' lang='grc' dir='ltr'><strong>ἀκροστιχίσι.</strong></span> <span class='ocrx_word' id='word_1_412' title='bbox 1235 3212 1361 3274; x_wconf 81' lang='lat' dir='ltr'>Quodar-</span> 
     </span>
     <span class='ocr_line' id='line_1_39' title="bbox 248 3288 1363 3356; baseline -0.007 -11"><span class='ocrx_word' id='word_1_413' title='bbox 248 3295 462 3345; x_wconf 88' lang='lat' dir='ltr'>insacronomine</span> <span class='ocrx_word' id='word_1_414' title='bbox 472 3295 597 3353; x_wconf 63' lang='lat' dir='ltr'>tutum</span> <span class='ocrx_word' id='word_1_415' title='bbox 610 3302 635 3343; x_wconf 92' lang='lat' dir='ltr'>et</span> <span class='ocrx_word' id='word_1_416' title='bbox 648 3294 714 3353; x_wconf 85' lang='lat' dir='ltr'>Vlll,</span> <span class='ocrx_word' id='word_1_417' title='bbox 732 3299 789 3353; x_wconf 78' lang='lat'>150,</span> <span class='ocrx_word' id='word_1_418' title='bbox 816 3294 848 3344; x_wconf 89' lang='lat' dir='ltr'>tis</span> <span class='ocrx_word' id='word_1_419' title='bbox 861 3291 985 3343; x_wconf 76' lang='lat' dir='ltr'>laboriosa</span> <span class='ocrx_word' id='word_1_420' title='bbox 997 3291 1129 3356; x_wconf 89' lang='lat' dir='ltr'>specimen,</span> <span class='ocrx_word' id='word_1_421' title='bbox 1144 3305 1189 3355; x_wconf 91' lang='lat' dir='ltr'>pro</span> <span class='ocrx_word' id='word_1_422' title='bbox 1203 3288 1253 3338; x_wconf 90' lang='lat' dir='ltr'>illis</span> <span class='ocrx_word' id='word_1_423' title='bbox 1266 3297 1363 3354; x_wconf 83' lang='lat' dir='ltr'>tempo·</span> 
     </span>
     <span class='ocr_line' id='line_1_40' title="bbox 247 3363 1362 3437; baseline -0.008 -16"><span class='ocrx_word' id='word_1_424' title='bbox 247 3372 277 3421; x_wconf 89' lang='lat' dir='ltr'>in</span> <span class='ocrx_word' id='word_1_425' title='bbox 291 3371 391 3420; x_wconf 87' lang='lat' dir='ltr'>nomine</span> <span class='ocrx_word' id='word_1_426' title='bbox 408 3369 476 3419; x_wconf 88' lang='lat' dir='ltr'>urbis</span> <span class='ocrx_word' id='word_1_427' title='bbox 493 3368 585 3419; x_wconf 82' lang='lat' dir='ltr'>Roma.</span> <span class='ocrx_word' id='word_1_428' title='bbox 607 3369 696 3420; x_wconf 84' lang='lat' dir='ltr'>Judseis</span> <span class='ocrx_word' id='word_1_429' title='bbox 716 3371 791 3437; x_wconf 88' lang='lat' dir='ltr'>potis-</span> <span class='ocrx_word' id='word_1_430' title='bbox 817 3368 884 3418; x_wconf 89' lang='lat' dir='ltr'>ribus</span> <span class='ocrx_word' id='word_1_431' title='bbox 905 3382 988 3415; x_wconf 87' lang='lat' dir='ltr'>rarum</span> <span class='ocrx_word' id='word_1_432' title='bbox 1001 3382 1058 3415; x_wconf 90' lang='lat' dir='ltr'>sane</span> <span class='ocrx_word' id='word_1_433' title='bbox 1071 3375 1096 3416; x_wconf 90' lang='lat' dir='ltr'>et</span> <span class='ocrx_word' id='word_1_434' title='bbox 1109 3365 1215 3430; x_wconf 81' lang='lat' dir='ltr'>insigne,</span> <span class='ocrx_word' id='word_1_435' title='bbox 1238 3363 1362 3429; x_wconf 91' lang='lat' dir='ltr'>quomodo</span> 
     </span>
     <span class='ocr_line' id='line_1_41' title="bbox 247 3435 1364 3513; baseline -0.009 -16"><span class='ocrx_word' id='word_1_436' title='bbox 247 3447 339 3497; x_wconf 71' lang='lat' dir='ltr'>dmum</span> <span class='ocrx_word' id='word_1_437' title='bbox 363 3447 459 3513; x_wconf 88' lang='lat' dir='ltr'>placere</span> <span class='ocrx_word' id='word_1_438' title='bbox 478 3435 562 3494; x_wconf 82' lang='lat' dir='ltr'>debuit</span> <span class='ocrx_word' id='word_1_439' title='bbox 573 3445 664 3510; x_wconf 80' lang='lat' dir='ltr'>ingenii</span> <span class='ocrx_word' id='word_1_440' title='bbox 682 3446 748 3496; x_wconf 90' lang='lat' dir='ltr'>lusus</span> <span class='ocrx_word' id='word_1_441' title='bbox 760 3446 792 3495; x_wconf 90' lang='lat' dir='ltr'>is·</span> <span class='ocrx_word' id='word_1_442' title='bbox 817 3441 944 3509; x_wconf 88' lang='lat' dir='ltr'>impetrari</span> <span class='ocrx_word' id='word_1_443' title='bbox 964 3442 1084 3507; x_wconf 88' lang='lat' dir='ltr'>potuerit,</span> <span class='ocrx_word' id='word_1_444' title='bbox 1104 3456 1131 3490; x_wconf 88' lang='lat' dir='ltr'>rc</span> <span class='ocrx_word' id='word_1_445' title='bbox 1151 3438 1280 3504; x_wconf 75' lang='lat' dir='ltr'>diligenter</span> <span class='ocrx_word' id='word_1_446' title='bbox 1298 3454 1364 3504; x_wconf 81' lang='lat' dir='ltr'>quas-</span> 
     </span>
     <span class='ocr_line' id='line_1_42' title="bbox 248 3513 1364 3586; baseline -0.01 -12"><span class='ocrx_word' id='word_1_447' title='bbox 248 3533 288 3586; x_wconf 89' lang='lat' dir='ltr'>te,</span> <span class='ocrx_word' id='word_1_448' title='bbox 303 3522 423 3571; x_wconf 87' lang='lat' dir='ltr'>consuetis</span> <span class='ocrx_word' id='word_1_449' title='bbox 434 3521 500 3570; x_wconf 87' lang='lat' dir='ltr'>circa</span> <span class='ocrx_word' id='word_1_450' title='bbox 511 3519 636 3570; x_wconf 81' lang='lat' dir='ltr'>literamm</span> <span class='ocrx_word' id='word_1_451' title='bbox 653 3522 733 3586; x_wconf 84' lang='lat' dir='ltr'>apices</span> <span class='ocrx_word' id='word_1_452' title='bbox 751 3537 793 3571; x_wconf 86' lang='lat' dir='ltr'>cu·</span> <span class='ocrx_word' id='word_1_453' title='bbox 817 3520 863 3570; x_wconf 90' lang='lat' dir='ltr'>sita</span> <span class='ocrx_word' id='word_1_454' title='bbox 870 3516 1056 3567; x_wconf 68' lang='lat' dir='ltr'>monstrauimus</span> <span class='ocrx_word' id='word_1_455' title='bbox 1065 3515 1183 3585; x_wconf 80' lang='lat' dir='ltr'>ineodem</span> <span class='ocrx_word' id='word_1_456' title='bbox 1191 3513 1316 3579; x_wconf 75' lang='lat' dir='ltr'>llac.cap.</span> <span class='ocrx_word' id='word_1_457' title='bbox 1325 3516 1364 3564; x_wconf 80' lang='grc'><strong>111.</strong></span> 
     </span>
     <span class='ocr_line' id='line_1_43' title="bbox 249 3587 1364 3661; baseline -0.009 -12"><span class='ocrx_word' id='word_1_458' title='bbox 249 3600 314 3649; x_wconf 88' lang='lat' dir='ltr'>riose</span> <span class='ocrx_word' id='word_1_459' title='bbox 328 3596 428 3654; x_wconf 74' lang='lat' dir='ltr'>versari</span> <span class='ocrx_word' id='word_1_460' title='bbox 452 3603 477 3645; x_wconf 88' lang='lat' dir='ltr'>et</span> <span class='ocrx_word' id='word_1_461' title='bbox 495 3611 571 3645; x_wconf 91' lang='lat' dir='ltr'>unum</span> <span class='ocrx_word' id='word_1_462' title='bbox 582 3596 699 3661; x_wconf 79' lang='lat' dir='ltr'>ejitsmodi</span> <span class='ocrx_word' id='word_1_463' title='bbox 710 3613 793 3647; x_wconf 83' lang='lat' dir='ltr'>exem·</span> <span class='ocrx_word' id='word_1_464' title='bbox 818 3593 894 3659; x_wconf 73' lang='lat' dir='ltr'>Atqui</span> <span class='ocrx_word' id='word_1_465' title='bbox 903 3607 969 3641; x_wconf 91' lang='lat' dir='ltr'>nunc</span> <span class='ocrx_word' id='word_1_466' title='bbox 980 3591 1090 3642; x_wconf 89' lang='lat' dir='ltr'>eamdem</span> <span class='ocrx_word' id='word_1_467' title='bbox 1107 3589 1205 3639; x_wconf 89' lang='lat' dir='ltr'>omniuo</span> <span class='ocrx_word' id='word_1_468' title='bbox 1219 3587 1364 3639; x_wconf 83' lang='lat' dir='ltr'>acrostichi·</span> 
     </span>
     <span class='ocr_line' id='line_1_44' title="bbox 251 3663 1365 3743; baseline -0.013 -17"><span class='ocrx_word' id='word_1_469' title='bbox 251 3676 319 3743; x_wconf 89' lang='lat' dir='ltr'>plum</span> <span class='ocrx_word' id='word_1_470' title='bbox 327 3675 353 3724; x_wconf 91' lang='lat' dir='ltr'>in</span> <span class='ocrx_word' id='word_1_471' title='bbox 365 3673 418 3738; x_wconf 90' lang='lat' dir='ltr'>ipsa</span> <span class='ocrx_word' id='word_1_472' title='bbox 426 3671 569 3737; x_wconf 77' lang='lat' dir='ltr'>Apocalypsi</span> <span class='ocrx_word' id='word_1_473' title='bbox 578 3672 721 3737; x_wconf 79' lang='lat' dir='ltr'>reperimsu,</span> <span class='ocrx_word' id='word_1_474' title='bbox 736 3689 789 3740; x_wconf 89' lang='lat' dir='ltr'>cap.</span> <span class='ocrx_word' id='word_1_475' title='bbox 818 3670 855 3719; x_wconf 86' lang='lat' dir='ltr'>dis</span> <span class='ocrx_word' id='word_1_476' title='bbox 867 3669 970 3718; x_wconf 80' lang='lat' dir='ltr'>formam</span> <span class='ocrx_word' id='word_1_477' title='bbox 981 3675 1100 3716; x_wconf 85' lang='lat' dir='ltr'>serratam</span> <span class='ocrx_word' id='word_1_478' title='bbox 1113 3664 1249 3731; x_wconf 85' lang='lat' dir='ltr'>reperimus</span> <span class='ocrx_word' id='word_1_479' title='bbox 1261 3663 1288 3712; x_wconf 93' lang='lat' dir='ltr'>in</span> <span class='ocrx_word' id='word_1_480' title='bbox 1301 3663 1365 3726; x_wconf 86' lang='lat' dir='ltr'>hoc,</span> 
     </span>
     <span class='ocr_line' id='line_1_45' title="bbox 253 3737 1366 3813; baseline -0.013 -11"><span class='ocrx_word' id='word_1_481' title='bbox 253 3754 293 3809; x_wconf 79' lang='lat' dir='ltr'>tt,</span> <span class='ocrx_word' id='word_1_482' title='bbox 305 3766 331 3802; x_wconf 88' lang='grc' dir='ltr'>ν.</span> <span class='ocrx_word' id='word_1_483' title='bbox 352 3752 396 3808; x_wconf 84' lang='lat' dir='ltr'>ts,</span> <span class='ocrx_word' id='word_1_484' title='bbox 414 3747 441 3796; x_wconf 91' lang='lat' dir='ltr'>in</span> <span class='ocrx_word' id='word_1_485' title='bbox 456 3745 554 3796; x_wconf 90' lang='lat' dir='ltr'>nomine</span> <span class='ocrx_word' id='word_1_486' title='bbox 565 3749 722 3797; x_wconf 78' lang='grc' dir='ltr'><strong>ΔΑΤΕΙΝΟΣ</strong></span> <span class='ocrx_word' id='word_1_487' title='bbox 734 3750 792 3813; x_wconf 87' lang='lat' dir='ltr'>(pro</span> <span class='ocrx_word' id='word_1_488' title='bbox 819 3745 907 3809; x_wconf 86' lang='lat' dir='ltr'>dequo</span> <span class='ocrx_word' id='word_1_489' title='bbox 916 3740 1149 3807; x_wconf 74' lang='lat' dir='ltr'>agimus,Sibyllino</span> <span class='ocrx_word' id='word_1_490' title='bbox 1158 3740 1222 3789; x_wconf 82' lang='lat' dir='ltr'>loco.</span> <span class='ocrx_word' id='word_1_491' title='bbox 1233 3738 1300 3801; x_wconf 86' lang='lat' dir='ltr'>Quid</span> <span class='ocrx_word' id='word_1_492' title='bbox 1308 3737 1366 3788; x_wconf 89' lang='lat' dir='ltr'>inde</span> 
     </span>
     <span class='ocr_line' id='line_1_46' title="bbox 250 3812 1367 3886; baseline -0.013 -10"><span class='ocrx_word' id='word_1_493' title='bbox 250 3824 574 3886; x_wconf 69' lang='lat' dir='ltr'>hasivoel,numerum666</span> <span class='ocrx_word' id='word_1_494' title='bbox 582 3821 712 3872; x_wconf 87' lang='lat' dir='ltr'>efficiente.</span> <span class='ocrx_word' id='word_1_495' title='bbox 720 3822 793 3872; x_wconf 78' lang='lat' dir='ltr'>Aliud</span> <span class='ocrx_word' id='word_1_496' title='bbox 819 3817 1019 3883; x_wconf 77' lang='lat' dir='ltr'>colligasiQuum</span> <span class='ocrx_word' id='word_1_497' title='bbox 1040 3817 1168 3882; x_wconf 73' lang='lat' dir='ltr'>primanus</span> <span class='ocrx_word' id='word_1_498' title='bbox 1188 3812 1367 3880; x_wconf 77' lang='lat' dir='ltr'>Sibyllinorum</span> 
     </span>
     <span class='ocr_line' id='line_1_47' title="bbox 249 3886 1369 3966; baseline -0.013 -16"><span class='ocrx_word' id='word_1_499' title='bbox 249 3910 286 3950; x_wconf 81' lang='lat' dir='ltr'>est</span> <span class='ocrx_word' id='word_1_500' title='bbox 297 3898 377 3966; x_wconf 74' lang='lat' dir='ltr'>griphi</span> <span class='ocrx_word' id='word_1_501' title='bbox 386 3912 460 3963; x_wconf 76' lang='lat' dir='ltr'>genus</span> <span class='ocrx_word' id='word_1_502' title='bbox 469 3913 514 3963; x_wconf 90' lang='lat' dir='ltr'>per</span> <span class='ocrx_word' id='word_1_503' title='bbox 524 3896 629 3961; x_wconf 80' lang='lat' dir='ltr'>singulas</span> <span class='ocrx_word' id='word_1_504' title='bbox 642 3896 725 3947; x_wconf 87' lang='lat' dir='ltr'>literas</span> <span class='ocrx_word' id='word_1_505' title='bbox 734 3896 793 3947; x_wconf 49' lang='lat' dir='ltr'>tori,</span> <span class='ocrx_word' id='word_1_506' title='bbox 818 3893 1016 3953; x_wconf 80' lang='lat' dir='ltr'>christiurorum,</span> <span class='ocrx_word' id='word_1_507' title='bbox 1031 3890 1120 3949; x_wconf 76' lang='lat' dir='ltr'>idest,</span> <span class='ocrx_word' id='word_1_508' title='bbox 1135 3889 1192 3939; x_wconf 90' lang='lat' dir='ltr'>libri</span> <span class='ocrx_word' id='word_1_509' title='bbox 1205 3886 1238 3938; x_wconf 79' lang='grc' dir='ltr'><em>Ν</em></span> <span class='ocrx_word' id='word_1_510' title='bbox 1251 3888 1369 3953; x_wconf 83' lang='lat' dir='ltr'>idemque</span> 
     </span>
     <span class='ocr_line' id='line_1_48' title="bbox 248 3962 1370 4038; baseline -0.011 -13"><span class='ocrx_word' id='word_1_511' title='bbox 248 3976 304 4026; x_wconf 89' lang='lat' dir='ltr'>dem</span> <span class='ocrx_word' id='word_1_512' title='bbox 317 3989 399 4023; x_wconf 85' lang='lat' dir='ltr'>sensus</span> <span class='ocrx_word' id='word_1_513' title='bbox 413 3971 618 4038; x_wconf 74' lang='lat' dir='ltr'>repraesentantis,</span> <span class='ocrx_word' id='word_1_514' title='bbox 637 3980 665 4021; x_wconf 93' lang='lat' dir='ltr'>ut</span> <span class='ocrx_word' id='word_1_515' title='bbox 679 3972 744 4038; x_wconf 89' lang='lat' dir='ltr'>apud</span> <span class='ocrx_word' id='word_1_516' title='bbox 758 3970 795 4021; x_wconf 89' lang='lat' dir='ltr'>Si·</span> <span class='ocrx_word' id='word_1_517' title='bbox 819 3971 919 4020; x_wconf 81' lang='lat' dir='ltr'>sortasse</span> <span class='ocrx_word' id='word_1_518' title='bbox 927 3966 1040 4016; x_wconf 82' lang='lat' dir='ltr'>Prommii</span> <span class='ocrx_word' id='word_1_519' title='bbox 1052 3975 1145 4023; x_wconf 86' lang='lat' dir='ltr'>auctor,</span> <span class='ocrx_word' id='word_1_520' title='bbox 1159 3962 1370 4031; x_wconf 81' lang='lat' dir='ltr'>pseudoraticinia</span> 
     </span>
     <span class='ocr_line' id='line_1_49' title="bbox 247 4036 1370 4117; baseline -0.014 -16"><span class='ocrx_word' id='word_1_521' title='bbox 247 4050 349 4117; x_wconf 90' lang='lat' dir='ltr'>byllam,</span> <span class='ocrx_word' id='word_1_522' title='bbox 357 4046 400 4109; x_wconf 83' lang='lat' dir='ltr'>lll‚</span> <span class='ocrx_word' id='word_1_523' title='bbox 412 4050 453 4104; x_wconf 82' lang='lat' dir='ltr'>tt,</span> <span class='ocrx_word' id='word_1_524' title='bbox 462 4047 488 4096; x_wconf 93' lang='lat' dir='ltr'>in</span> <span class='ocrx_word' id='word_1_525' title='bbox 497 4047 595 4096; x_wconf 91' lang='lat' dir='ltr'>nomine</span> <span class='ocrx_word' id='word_1_526' title='bbox 603 4051 709 4097; x_wconf 77' lang='lat' dir='ltr'>astat.</span> <span class='ocrx_word' id='word_1_527' title='bbox 720 4046 794 4097; x_wconf 79' lang='lat' dir='ltr'>atiud</span> <span class='ocrx_word' id='word_1_528' title='bbox 819 4061 861 4096; x_wconf 87' lang='lat' dir='ltr'>sua</span> <span class='ocrx_word' id='word_1_529' title='bbox 868 4041 1016 4110; x_wconf 90' lang='lat' dir='ltr'>protulisset,</span> <span class='ocrx_word' id='word_1_530' title='bbox 1024 4039 1193 4091; x_wconf 82' lang='lat' dir='ltr'>luerunthaud</span> <span class='ocrx_word' id='word_1_531' title='bbox 1203 4036 1279 4088; x_wconf 91' lang='lat' dir='ltr'>dubie</span> <span class='ocrx_word' id='word_1_532' title='bbox 1286 4037 1370 4087; x_wconf 86' lang='lat' dir='ltr'>minus</span> 
     </span>
     <span class='ocr_line' id='line_1_50' title="bbox 249 4112 1371 4181; baseline -0.013 -5"><span class='ocrx_word' id='word_1_533' title='bbox 249 4123 410 4176; x_wconf 89' lang='lat' dir='ltr'>similitudine</span> <span class='ocrx_word' id='word_1_534' title='bbox 426 4131 522 4172; x_wconf 91' lang='lat' dir='ltr'>tautum</span> <span class='ocrx_word' id='word_1_535' title='bbox 540 4121 645 4171; x_wconf 93' lang='lat' dir='ltr'>duorum</span> <span class='ocrx_word' id='word_1_536' title='bbox 666 4120 794 4172; x_wconf 88' lang='lat' dir='ltr'>nominum</span> <span class='ocrx_word' id='word_1_537' title='bbox 819 4118 912 4170; x_wconf 89' lang='lat' dir='ltr'>creduli</span> <span class='ocrx_word' id='word_1_538' title='bbox 927 4119 1030 4168; x_wconf 85' lang='lat' dir='ltr'>lectores</span> <span class='ocrx_word' id='word_1_539' title='bbox 1042 4116 1085 4181; x_wconf 89' lang='lat' dir='ltr'>qui</span> <span class='ocrx_word' id='word_1_540' title='bbox 1101 4113 1240 4180; x_wconf 87' lang='lat' dir='ltr'>supradicta</span> <span class='ocrx_word' id='word_1_541' title='bbox 1251 4112 1371 4162; x_wconf 84' lang='lat' dir='ltr'>Varronis</span> 
     </span>
     <span class='ocr_line' id='line_1_51' title="bbox 248 4188 1371 4255; baseline -0.012 -4"><span class='ocrx_word' id='word_1_542' title='bbox 248 4200 368 4255; x_wconf 81' lang='lat' dir='ltr'>abutitur,</span> <span class='ocrx_word' id='word_1_543' title='bbox 383 4206 411 4247; x_wconf 89' lang='lat' dir='ltr'>ut</span> <span class='ocrx_word' id='word_1_544' title='bbox 429 4196 456 4246; x_wconf 88' lang='lat' dir='ltr'>in</span> <span class='ocrx_word' id='word_1_545' title='bbox 477 4195 656 4246; x_wconf 77' lang='lat' dir='ltr'>Antoninorum</span> <span class='ocrx_word' id='word_1_546' title='bbox 676 4196 794 4247; x_wconf 85' lang='lat' dir='ltr'>vocabulo</span> <span class='ocrx_word' id='word_1_547' title='bbox 819 4189 1156 4255; x_wconf 79' lang='lat' dir='ltr'>seiiCiceronisseubionysii</span> <span class='ocrx_word' id='word_1_548' title='bbox 1167 4188 1371 4240; x_wconf 76' lang='lat' dir='ltr'>llalic.testimo·</span> 
     </span>
     <span class='ocr_line' id='line_1_52' title="bbox 247 4262 1369 4338; baseline -0.012 -14"><span class='ocrx_word' id='word_1_549' title='bbox 247 4292 307 4326; x_wconf 85' lang='lat' dir='ltr'>cum</span> <span class='ocrx_word' id='word_1_550' title='bbox 325 4267 425 4325; x_wconf 63' lang='lat' dir='ltr'>uiuant</span> <span class='ocrx_word' id='word_1_551' title='bbox 442 4271 547 4333; x_wconf 88' lang='lat' dir='ltr'>collato,</span> <span class='ocrx_word' id='word_1_552' title='bbox 561 4288 643 4338; x_wconf 83' lang='lat' dir='ltr'>supra,</span> <span class='ocrx_word' id='word_1_553' title='bbox 659 4271 730 4333; x_wconf 88' lang='lat' dir='ltr'>Vlll,</span> <span class='ocrx_word' id='word_1_554' title='bbox 750 4275 793 4324; x_wconf 84' lang='grc'>66.</span> <span class='ocrx_word' id='word_1_555' title='bbox 819 4271 860 4319; x_wconf 92' lang='lat' dir='ltr'>nia</span> <span class='ocrx_word' id='word_1_556' title='bbox 875 4269 1010 4335; x_wconf 86' lang='lat' dir='ltr'>objicerent</span> <span class='ocrx_word' id='word_1_557' title='bbox 1023 4265 1053 4316; x_wconf 91' lang='lat' dir='ltr'>de</span> <span class='ocrx_word' id='word_1_558' title='bbox 1068 4263 1183 4316; x_wconf 88' lang='lat' dir='ltr'>Cumanis</span> <span class='ocrx_word' id='word_1_559' title='bbox 1202 4262 1369 4314; x_wconf 77' lang='lat' dir='ltr'>amostichiis.</span> 
     </span>
     <span class='ocr_line' id='line_1_53' title="bbox 250 4337 1373 4413; baseline -0.012 -13"><span class='ocrx_word' id='word_1_560' title='bbox 250 4350 338 4400; x_wconf 85' lang='lat' dir='ltr'>lierum</span> <span class='ocrx_word' id='word_1_561' title='bbox 348 4349 410 4407; x_wconf 79' lang='lat' dir='ltr'>hacc,</span> <span class='ocrx_word' id='word_1_562' title='bbox 419 4357 448 4397; x_wconf 94' lang='lat' dir='ltr'>ut</span> <span class='ocrx_word' id='word_1_563' title='bbox 461 4363 533 4413; x_wconf 87' lang='lat' dir='ltr'>supra</span> <span class='ocrx_word' id='word_1_564' title='bbox 546 4346 649 4407; x_wconf 88' lang='lat' dir='ltr'>dictum,</span> <span class='ocrx_word' id='word_1_565' title='bbox 659 4345 735 4397; x_wconf 89' lang='lat' dir='ltr'>nostri</span> <span class='ocrx_word' id='word_1_566' title='bbox 744 4361 794 4395; x_wconf 89' lang='lat' dir='ltr'>non</span> <span class='ocrx_word' id='word_1_567' title='bbox 820 4344 982 4411; x_wconf 80' lang='lat' dir='ltr'>Quapropter,</span> <span class='ocrx_word' id='word_1_568' title='bbox 988 4340 1083 4392; x_wconf 78' lang='lat' dir='ltr'>ebamsi</span> <span class='ocrx_word' id='word_1_569' title='bbox 1091 4338 1206 4407; x_wconf 77' lang='lat' dir='ltr'>potuisset</span> <span class='ocrx_word' id='word_1_570' title='bbox 1214 4337 1305 4388; x_wconf 84' lang='lat' dir='ltr'>Noster</span> <span class='ocrx_word' id='word_1_571' title='bbox 1311 4337 1373 4404; x_wconf 80' lang='lat' dir='ltr'>Ery·</span> 
     </span>
     <span class='ocr_line' id='line_1_54' title="bbox 250 4413 1424 4496; baseline -0.009 -23"><span class='ocrx_word' id='word_1_572' title='bbox 250 4434 307 4475; x_wconf 90' lang='lat' dir='ltr'>sunt</span> <span class='ocrx_word' id='word_1_573' title='bbox 319 4423 463 4491; x_wconf 79' lang='lat' dir='ltr'>argumenti.</span> <span class='ocrx_word' id='word_1_574' title='bbox 478 4422 586 4481; x_wconf 76' lang='lat' dir='ltr'>Veriore,</span> <span class='ocrx_word' id='word_1_575' title='bbox 602 4422 706 4472; x_wconf 85' lang='lat' dir='ltr'>necdum</span> <span class='ocrx_word' id='word_1_576' title='bbox 715 4431 796 4473; x_wconf 90' lang='lat' dir='ltr'>tamen</span> <span class='ocrx_word' id='word_1_577' title='bbox 820 4420 951 4471; x_wconf 72' lang='lat' dir='ltr'>threnorum</span> <span class='ocrx_word' id='word_1_578' title='bbox 969 4418 1103 4470; x_wconf 79' lang='lat' dir='ltr'>aliorumve</span> <span class='ocrx_word' id='word_1_579' title='bbox 1117 4414 1306 4481; x_wconf 89' lang='lat' dir='ltr'>Sibyllinorum,</span> <span class='ocrx_word' id='word_1_580' title='bbox 1322 4413 1371 4465; x_wconf 87' lang='lat' dir='ltr'>hoc</span> <span class='ocrx_word' id='word_1_581' title='bbox 1416 4475 1424 4496; x_wconf 43' lang='grc' dir='ltr'>ι</span> 
     </span>
    </p>
   </div>
   <div class='ocr_carea' id='block_1_5' title="bbox 0 0 1626 5310">
    <p class='ocr_par' dir='ltr' id='par_1_5' title="bbox 0 0 1626 5310">
     <span class='ocr_line' id='line_1_55' title="bbox 0 0 1626 5310; baseline 0 0"><span class='ocrx_word' id='word_1_582' title='bbox 0 0 1626 5310; x_wconf 95' lang='lat' dir='ltr'> </span> 
     </span>
    </p>
   </div>
  </div>
 </body>
</html>
