<?xml version="1.0" encoding="UTF-8"?>
<!DOCTYPE html PUBLIC "-//W3C//DTD XHTML 1.0 Transitional//EN"
    "http://www.w3.org/TR/xhtml1/DTD/xhtml1-transitional.dtd">
<html xmlns="http://www.w3.org/1999/xhtml" xml:lang="en" lang="en">
 <head>
  <title>
</title>
<meta http-equiv="Content-Type" content="text/html;charset=utf-8" />
  <meta name='ocr-system' content='tesseract 3.04.00' />
  <meta name='ocr-capabilities' content='ocr_page ocr_carea ocr_par ocr_line ocrx_word'/>
</head>
<body>
  <div class='ocr_page' id='page_1' title='image "./oraculasibyllin00alexgoog/oraculasibyllin00alexgoog_0309.png"; bbox 0 0 3186 5310; ppageno 0'>
   <div class='ocr_carea' id='block_1_1' title="bbox 447 438 1119 522">
    <p class='ocr_par' dir='ltr' id='par_1_1' title="bbox 447 438 1119 522">
     <span class='ocr_line' id='line_1_1' title="bbox 447 438 1119 522; baseline -0.003 -18"><span class='ocrx_word' id='word_1_1' title='bbox 447 439 728 506; x_wconf 82' lang='lat' dir='ltr'><strong>startuuoauu</strong></span> <span class='ocrx_word' id='word_1_2' title='bbox 746 442 819 505; x_wconf 80' lang='lat' dir='ltr'><strong>are.</strong></span> <span class='ocrx_word' id='word_1_3' title='bbox 841 440 919 518; x_wconf 78' lang='lat' dir='ltr'><strong>viu,</strong></span> <span class='ocrx_word' id='word_1_4' title='bbox 940 438 960 521; x_wconf 67' lang='lat' dir='ltr'><strong>a</strong></span> <span class='ocrx_word' id='word_1_5' title='bbox 979 443 999 502; x_wconf 78' lang='lat' dir='ltr'><strong>t</strong></span> <span class='ocrx_word' id='word_1_6' title='bbox 1021 439 1119 522; x_wconf 71' lang='lat' dir='ltr'><strong>(xe).</strong></span> 
     </span>
    </p>
   </div>
   <div class='ocr_carea' id='block_1_2' title="bbox 227 921 1261 2625">
    <p class='ocr_par' dir='ltr' id='par_1_2' title="bbox 316 921 1261 1335">
     <span class='ocr_line' id='line_1_2' title="bbox 316 921 1137 1013; baseline 0 -25"><span class='ocrx_word' id='word_1_7' title='bbox 316 923 431 988; x_wconf 79' lang='lat' dir='ltr'><strong>Vivere</strong></span> <span class='ocrx_word' id='word_1_8' title='bbox 444 921 543 988; x_wconf 90' lang='lat' dir='ltr'><strong>corde</strong></span> <span class='ocrx_word' id='word_1_9' title='bbox 557 921 683 1008; x_wconf 90' lang='lat' dir='ltr'><strong>humili,</strong></span> <span class='ocrx_word' id='word_1_10' title='bbox 698 921 826 988; x_wconf 80' lang='lat' dir='ltr'>fraudes</span> <span class='ocrx_word' id='word_1_11' title='bbox 841 921 949 989; x_wconf 90' lang='lat' dir='ltr'><strong>odisse</strong></span> <span class='ocrx_word' id='word_1_12' title='bbox 968 922 1137 1013; x_wconf 88' lang='lat' dir='ltr'><strong>malignas,</strong></span> 
     </span>
     <span class='ocr_line' id='line_1_3' title="bbox 317 1029 1136 1120; baseline -0.002 -24"><span class='ocrx_word' id='word_1_13' title='bbox 317 1030 360 1096; x_wconf 85' lang='lat' dir='ltr'><strong>Et</strong></span> <span class='ocrx_word' id='word_1_14' title='bbox 372 1046 440 1096; x_wconf 86' lang='lat' dir='ltr'><strong>tam</strong></span> <span class='ocrx_word' id='word_1_15' title='bbox 453 1047 608 1119; x_wconf 89' lang='lat' dir='ltr'><strong>cognatos</strong></span> <span class='ocrx_word' id='word_1_16' title='bbox 623 1029 769 1096; x_wconf 88' lang='lat' dir='ltr'><strong>homines</strong></span> <span class='ocrx_word' id='word_1_17' title='bbox 783 1050 882 1120; x_wconf 86' lang='lat' dir='ltr'><strong>quam</strong></span> <span class='ocrx_word' id='word_1_18' title='bbox 893 1045 992 1098; x_wconf 86' lang='lat' dir='ltr'><strong>semet</strong></span> <span class='ocrx_word' id='word_1_19' title='bbox 1008 1051 1136 1106; x_wconf 87' lang='lat' dir='ltr'><strong>amare;</strong></span> 
     </span>
     <span class='ocr_line' id='line_1_4' title="bbox 318 1135 1261 1228; baseline 0 -26"><span class='ocrx_word' id='word_1_20' title='bbox 318 1135 461 1226; x_wconf 89' lang='lat' dir='ltr'><strong>Diligere</strong></span> <span class='ocrx_word' id='word_1_21' title='bbox 475 1161 514 1202; x_wconf 85' lang='lat' dir='ltr'><strong>ex</strong></span> <span class='ocrx_word' id='word_1_22' title='bbox 530 1137 638 1204; x_wconf 90' lang='lat' dir='ltr'><strong>animo</strong></span> <span class='ocrx_word' id='word_1_23' title='bbox 651 1136 793 1223; x_wconf 91' lang='lat' dir='ltr'><strong>Numen,</strong></span> <span class='ocrx_word' id='word_1_24' title='bbox 809 1152 983 1228; x_wconf 73' lang='lat' dir='ltr'><strong>sancteque</strong></span> <span class='ocrx_word' id='word_1_25' title='bbox 1000 1135 1116 1203; x_wconf 88' lang='lat' dir='ltr'><strong>vereri.</strong></span> <span class='ocrx_word' id='word_1_26' title='bbox 1216 1192 1217 1197; x_wconf 64' lang='grc'>,</span> <span class='ocrx_word' id='word_1_27' title='bbox 1258 1190 1261 1193; x_wconf 13' lang='lat' dir='ltr'><strong>a</strong></span> 
     </span>
     <span class='ocr_line' id='line_1_5' title="bbox 318 1244 952 1335; baseline 0 -25"><span class='ocrx_word' id='word_1_28' title='bbox 318 1244 443 1311; x_wconf 87' lang='lat' dir='ltr'><strong>Idcirco</strong></span> <span class='ocrx_word' id='word_1_29' title='bbox 457 1244 575 1312; x_wconf 85' lang='lat' dir='ltr'>Christi</span> <span class='ocrx_word' id='word_1_30' title='bbox 588 1269 676 1311; x_wconf 89' lang='lat' dir='ltr'><strong>sacra</strong></span> <span class='ocrx_word' id='word_1_31' title='bbox 690 1245 731 1311; x_wconf 91' lang='lat' dir='ltr'><strong>de</strong></span> <span class='ocrx_word' id='word_1_32' title='bbox 745 1261 840 1335; x_wconf 88' lang='lat' dir='ltr'><strong>gente</strong></span> <span class='ocrx_word' id='word_1_33' title='bbox 855 1246 952 1311; x_wconf 88' lang='lat' dir='ltr'><strong>creati</strong></span> 
     </span>
    </p>

    <p class='ocr_par' dir='ltr' id='par_1_3' title="bbox 230 1350 1134 1873">
     <span class='ocr_line' id='line_1_6' title="bbox 230 1350 1124 1445; baseline 0.002 -29"><span class='ocrx_word' id='word_1_34' title='bbox 230 1350 293 1431; x_wconf 71' lang='lat'><strong>485</strong></span> <span class='ocrx_word' id='word_1_35' title='bbox 318 1351 476 1433; x_wconf 83' lang='lat' dir='ltr'><strong>Dicimur,</strong></span> <span class='ocrx_word' id='word_1_36' title='bbox 491 1367 524 1416; x_wconf 92' lang='lat' dir='ltr'><strong>et</strong></span> <span class='ocrx_word' id='word_1_37' title='bbox 540 1351 626 1418; x_wconf 92' lang='lat' dir='ltr'><strong>dulci</strong></span> <span class='ocrx_word' id='word_1_38' title='bbox 640 1353 815 1445; x_wconf 79' lang='lat' dir='ltr'><strong>gaudemus</strong></span> <span class='ocrx_word' id='word_1_39' title='bbox 829 1351 959 1418; x_wconf 90' lang='lat' dir='ltr'><strong>nomine</strong></span> <span class='ocrx_word' id='word_1_40' title='bbox 976 1352 1124 1436; x_wconf 81' lang='lat' dir='ltr'><strong>fratrum,</strong></span> 
     </span>
     <span class='ocr_line' id='line_1_7' title="bbox 316 1459 1047 1549; baseline 0.005 -26"><span class='ocrx_word' id='word_1_41' title='bbox 316 1459 446 1524; x_wconf 81' lang='lat' dir='ltr'><strong>Laetitiae</strong></span> <span class='ocrx_word' id='word_1_42' title='bbox 461 1483 640 1526; x_wconf 90' lang='lat' dir='ltr'><strong>memorem</strong></span> <span class='ocrx_word' id='word_1_43' title='bbox 654 1477 813 1527; x_wconf 88' lang='lat' dir='ltr'><strong>servantes</strong></span> <span class='ocrx_word' id='word_1_44' title='bbox 825 1459 1047 1549; x_wconf 84' lang='lat' dir='ltr'><strong>relligionem,</strong></span> 
     </span>
     <span class='ocr_line' id='line_1_8' title="bbox 318 1566 1090 1659; baseline 0.006 -29"><span class='ocrx_word' id='word_1_45' title='bbox 318 1566 361 1631; x_wconf 91' lang='lat' dir='ltr'><strong>Et</strong></span> <span class='ocrx_word' id='word_1_46' title='bbox 376 1585 499 1633; x_wconf 85' lang='lat' dir='ltr'><strong>rectam</strong></span> <span class='ocrx_word' id='word_1_47' title='bbox 508 1567 648 1657; x_wconf 85' lang='lat' dir='ltr'><strong>justique</strong></span> <span class='ocrx_word' id='word_1_48' title='bbox 664 1569 748 1635; x_wconf 90' lang='lat' dir='ltr'><strong>viam</strong></span> <span class='ocrx_word' id='word_1_49' title='bbox 761 1568 892 1659; x_wconf 89' lang='lat' dir='ltr'><strong>verique</strong></span> <span class='ocrx_word' id='word_1_50' title='bbox 907 1585 1090 1658; x_wconf 80' lang='lat' dir='ltr'><strong>sequentes.</strong></span> 
     </span>
     <span class='ocr_line' id='line_1_9' title="bbox 317 1673 1134 1767; baseline 0.005 -29"><span class='ocrx_word' id='word_1_51' title='bbox 317 1673 386 1738; x_wconf 90' lang='lat' dir='ltr'><strong>Nec</strong></span> <span class='ocrx_word' id='word_1_52' title='bbox 405 1674 500 1740; x_wconf 91' lang='lat' dir='ltr'><strong>nobis</strong></span> <span class='ocrx_word' id='word_1_53' title='bbox 514 1675 710 1765; x_wconf 90' lang='lat' dir='ltr'><strong>templorum</strong></span> <span class='ocrx_word' id='word_1_54' title='bbox 727 1675 830 1767; x_wconf 77' lang='lat' dir='ltr'><strong>adytis</strong></span> <span class='ocrx_word' id='word_1_55' title='bbox 845 1674 996 1742; x_wconf 83' lang='lat' dir='ltr'><strong>accedere</strong></span> <span class='ocrx_word' id='word_1_56' title='bbox 1013 1675 1059 1740; x_wconf 85' lang='lat' dir='ltr'><strong>fas</strong></span> <span class='ocrx_word' id='word_1_57' title='bbox 1073 1691 1134 1755; x_wconf 86' lang='lat' dir='ltr'><strong>est,</strong></span> 
     </span>
     <span class='ocr_line' id='line_1_10' title="bbox 317 1780 1104 1873; baseline 0.005 -28"><span class='ocrx_word' id='word_1_58' title='bbox 317 1780 386 1845; x_wconf 89' lang='lat' dir='ltr'><strong>Nec</strong></span> <span class='ocrx_word' id='word_1_59' title='bbox 400 1781 514 1848; x_wconf 76' lang='lat' dir='ltr'><strong>statuis</strong></span> <span class='ocrx_word' id='word_1_60' title='bbox 532 1780 633 1847; x_wconf 90' lang='lat' dir='ltr'><strong>libare</strong></span> <span class='ocrx_word' id='word_1_61' title='bbox 652 1806 803 1873; x_wconf 86' lang='lat' dir='ltr'><strong>precesve</strong></span> <span class='ocrx_word' id='word_1_62' title='bbox 819 1783 939 1849; x_wconf 85' lang='lat' dir='ltr'><strong>offerre</strong></span> <span class='ocrx_word' id='word_1_63' title='bbox 956 1781 1104 1863; x_wconf 88' lang='lat' dir='ltr'><strong>caducas,</strong></span> 
     </span>
    </p>

    <p class='ocr_par' dir='ltr' id='par_1_4' title="bbox 231 1888 1106 2303">
     <span class='ocr_line' id='line_1_11' title="bbox 231 1888 1089 1978; baseline 0.003 -26"><span class='ocrx_word' id='word_1_64' title='bbox 231 1893 296 1978; x_wconf 66' lang='lat'><strong>490</strong></span> <span class='ocrx_word' id='word_1_65' title='bbox 319 1888 474 1977; x_wconf 85' lang='lat' dir='ltr'><strong>Spargere</strong></span> <span class='ocrx_word' id='word_1_66' title='bbox 489 1913 548 1954; x_wconf 87' lang='lat' dir='ltr'><strong>nee</strong></span> <span class='ocrx_word' id='word_1_67' title='bbox 560 1888 657 1956; x_wconf 85' lang='lat' dir='ltr'><strong>flores</strong></span> <span class='ocrx_word' id='word_1_68' title='bbox 672 1891 790 1970; x_wconf 87' lang='lat' dir='ltr'><strong>varios,</strong></span> <span class='ocrx_word' id='word_1_69' title='bbox 808 1891 984 1959; x_wconf 88' lang='lat' dir='ltr'><strong>accendere</strong></span> <span class='ocrx_word' id='word_1_70' title='bbox 1001 1913 1089 1957; x_wconf 89' lang='lat' dir='ltr'><strong>ceras</strong></span> 
     </span>
     <span class='ocr_line' id='line_1_12' title="bbox 319 1995 1074 2087; baseline 0.004 -27"><span class='ocrx_word' id='word_1_71' title='bbox 319 1995 488 2082; x_wconf 85' lang='lat' dir='ltr'><strong>Lucentes,</strong></span> <span class='ocrx_word' id='word_1_72' title='bbox 508 1996 580 2062; x_wconf 88' lang='lat' dir='ltr'><strong>altis</strong></span> <span class='ocrx_word' id='word_1_73' title='bbox 596 1997 793 2087; x_wconf 89' lang='lat' dir='ltr'><strong>suspendere</strong></span> <span class='ocrx_word' id='word_1_74' title='bbox 807 1997 892 2063; x_wconf 91' lang='lat' dir='ltr'><strong>dona</strong></span> <span class='ocrx_word' id='word_1_75' title='bbox 906 1997 1074 2083; x_wconf 87' lang='lat' dir='ltr'><strong>columnis,</strong></span> 
     </span>
     <span class='ocr_line' id='line_1_13' title="bbox 319 2103 1037 2194; baseline 0.001 -25"><span class='ocrx_word' id='word_1_76' title='bbox 319 2104 387 2170; x_wconf 90' lang='lat' dir='ltr'><strong>Nec</strong></span> <span class='ocrx_word' id='word_1_77' title='bbox 402 2103 523 2170; x_wconf 90' lang='lat' dir='ltr'><strong>calidos</strong></span> <span class='ocrx_word' id='word_1_78' title='bbox 535 2105 598 2169; x_wconf 91' lang='lat' dir='ltr'><strong>aris</strong></span> <span class='ocrx_word' id='word_1_79' title='bbox 610 2103 775 2194; x_wconf 88' lang='lat' dir='ltr'><strong>imponere</strong></span> <span class='ocrx_word' id='word_1_80' title='bbox 790 2105 871 2171; x_wconf 91' lang='lat' dir='ltr'><strong>turis</strong></span> <span class='ocrx_word' id='word_1_81' title='bbox 885 2104 1037 2184; x_wconf 88' lang='lat' dir='ltr'><strong>honores,</strong></span> 
     </span>
     <span class='ocr_line' id='line_1_14' title="bbox 316 2211 1106 2303; baseline 0.001 -25"><span class='ocrx_word' id='word_1_82' title='bbox 316 2211 385 2278; x_wconf 89' lang='lat' dir='ltr'><strong>Nec</strong></span> <span class='ocrx_word' id='word_1_83' title='bbox 403 2235 501 2302; x_wconf 91' lang='lat' dir='ltr'><strong>super</strong></span> <span class='ocrx_word' id='word_1_84' title='bbox 514 2211 645 2277; x_wconf 90' lang='lat' dir='ltr'><strong>immani</strong></span> <span class='ocrx_word' id='word_1_85' title='bbox 657 2228 825 2279; x_wconf 90' lang='lat' dir='ltr'><strong>taurorum</strong></span> <span class='ocrx_word' id='word_1_86' title='bbox 839 2231 943 2303; x_wconf 85' lang='lat' dir='ltr'><strong>strage</strong></span> <span class='ocrx_word' id='word_1_87' title='bbox 957 2212 1106 2280; x_wconf 85' lang='lat' dir='ltr'><strong>bidentes</strong></span> 
     </span>
    </p>

    <p class='ocr_par' dir='ltr' id='par_1_5' title="bbox 227 2319 1031 2410">
     <span class='ocr_line' id='line_1_15' title="bbox 227 2319 1031 2410; baseline 0.002 -27"><span class='ocrx_word' id='word_1_88' title='bbox 227 2386 235 2399; x_wconf 70' lang='grc'><strong><em>,</em></strong></span> <span class='ocrx_word' id='word_1_89' title='bbox 316 2319 476 2385; x_wconf 89' lang='lat' dir='ltr'><strong>Innocuas</strong></span> <span class='ocrx_word' id='word_1_90' title='bbox 491 2319 603 2410; x_wconf 83' lang='lat' dir='ltr'><strong>stygiae</strong></span> <span class='ocrx_word' id='word_1_91' title='bbox 617 2338 758 2386; x_wconf 89' lang='lat' dir='ltr'><strong>mactare</strong></span> <span class='ocrx_word' id='word_1_92' title='bbox 772 2321 897 2410; x_wconf 87' lang='lat' dir='ltr'><strong>piacula</strong></span> <span class='ocrx_word' id='word_1_93' title='bbox 913 2344 1031 2410; x_wconf 74' lang='lat' dir='ltr'><strong>prenae,</strong></span> 
     </span>
    </p>

    <p class='ocr_par' dir='ltr' id='par_1_6' title="bbox 228 2423 1104 2625">
     <span class='ocr_line' id='line_1_16' title="bbox 228 2423 1064 2518; baseline 0.006 -28"><span class='ocrx_word' id='word_1_94' title='bbox 228 2423 293 2512; x_wconf 71' lang='grc'><strong>495</strong></span> <span class='ocrx_word' id='word_1_95' title='bbox 317 2426 387 2493; x_wconf 91' lang='lat' dir='ltr'><strong>Nec</strong></span> <span class='ocrx_word' id='word_1_96' title='bbox 399 2429 497 2494; x_wconf 91' lang='lat' dir='ltr'><strong>busto</strong></span> <span class='ocrx_word' id='word_1_97' title='bbox 511 2427 635 2495; x_wconf 89' lang='lat' dir='ltr'><strong>ardenti</strong></span> <span class='ocrx_word' id='word_1_98' title='bbox 651 2426 783 2518; x_wconf 77' lang='lat' dir='ltr'><strong>pingues</strong></span> <span class='ocrx_word' id='word_1_99' title='bbox 798 2428 946 2495; x_wconf 90' lang='lat' dir='ltr'><strong>emittere</strong></span> <span class='ocrx_word' id='word_1_100' title='bbox 958 2427 1064 2495; x_wconf 82' lang='lat' dir='ltr'><strong>fumos</strong></span> 
     </span>
     <span class='ocr_line' id='line_1_17' title="bbox 315 2533 1104 2625; baseline 0 -26"><span class='ocrx_word' id='word_1_101' title='bbox 315 2534 366 2600; x_wconf 84' lang='lat' dir='ltr'><strong>Ad</strong></span> <span class='ocrx_word' id='word_1_102' title='bbox 383 2535 508 2614; x_wconf 85' lang='lat' dir='ltr'><strong>caelum,</strong></span> <span class='ocrx_word' id='word_1_103' title='bbox 525 2552 558 2600; x_wconf 91' lang='lat' dir='ltr'><strong>et</strong></span> <span class='ocrx_word' id='word_1_104' title='bbox 572 2535 664 2601; x_wconf 85' lang='lat' dir='ltr'><strong>foedis</strong></span> <span class='ocrx_word' id='word_1_105' title='bbox 680 2534 794 2600; x_wconf 90' lang='lat' dir='ltr'><strong>vitiare</strong></span> <span class='ocrx_word' id='word_1_106' title='bbox 808 2533 983 2625; x_wconf 89' lang='lat' dir='ltr'><strong>vaporibus</strong></span> <span class='ocrx_word' id='word_1_107' title='bbox 999 2556 1104 2601; x_wconf 88' lang='lat' dir='ltr'><strong>auras.</strong></span> 
     </span>
    </p>
   </div>
   <div class='ocr_carea' id='block_1_3' title="bbox 230 2640 1231 3163">
    <p class='ocr_par' dir='ltr' id='par_1_7' title="bbox 314 2640 1050 2733">
     <span class='ocr_line' id='line_1_18' title="bbox 314 2640 1050 2733; baseline 0.003 -27"><span class='ocrx_word' id='word_1_108' title='bbox 314 2640 377 2706; x_wconf 89' lang='lat' dir='ltr'><strong>Sed</strong></span> <span class='ocrx_word' id='word_1_109' title='bbox 398 2642 493 2710; x_wconf 89' lang='lat' dir='ltr'><strong>castis</strong></span> <span class='ocrx_word' id='word_1_110' title='bbox 508 2642 624 2709; x_wconf 88' lang='lat' dir='ltr'><strong>animia</strong></span> <span class='ocrx_word' id='word_1_111' title='bbox 641 2659 771 2733; x_wconf 83' lang='lat' dir='ltr'><strong>etpnro</strong></span> <span class='ocrx_word' id='word_1_112' title='bbox 785 2660 916 2733; x_wconf 90' lang='lat' dir='ltr'><strong>pectore</strong></span> <span class='ocrx_word' id='word_1_113' title='bbox 933 2660 1050 2709; x_wconf 83' lang='lat' dir='ltr'><strong>sanctae</strong></span> 
     </span>
    </p>

    <p class='ocr_par' dir='ltr' id='par_1_8' title="bbox 316 2749 1055 2842">
     <span class='ocr_line' id='line_1_19' title="bbox 316 2749 1055 2842; baseline 0 -27"><span class='ocrx_word' id='word_1_114' title='bbox 316 2749 450 2840; x_wconf 87' lang='lat' dir='ltr'><strong>Semper</strong></span> <span class='ocrx_word' id='word_1_115' title='bbox 464 2751 612 2818; x_wconf 81' lang='lat' dir='ltr'><strong>amicitiae</strong></span> <span class='ocrx_word' id='word_1_116' title='bbox 626 2751 715 2842; x_wconf 86' lang='lat' dir='ltr'><strong>leges</strong></span> <span class='ocrx_word' id='word_1_117' title='bbox 735 2750 870 2842; x_wconf 91' lang='lat' dir='ltr'><strong>implere</strong></span> <span class='ocrx_word' id='word_1_118' title='bbox 886 2751 1055 2842; x_wconf 90' lang='lat' dir='ltr'><strong>benignas,</strong></span> 
     </span>
    </p>

    <p class='ocr_par' dir='ltr' id='par_1_9' title="bbox 230 2855 1231 3052">
     <span class='ocr_line' id='line_1_20' title="bbox 318 2855 1231 2951; baseline 0.004 -31"><span class='ocrx_word' id='word_1_119' title='bbox 318 2855 474 2923; x_wconf 86' lang='lat' dir='ltr'><strong>Dulcibus</strong></span> <span class='ocrx_word' id='word_1_120' title='bbox 485 2874 519 2923; x_wconf 95' lang='lat' dir='ltr'><strong>et</strong></span> <span class='ocrx_word' id='word_1_121' title='bbox 533 2858 675 2949; x_wconf 88' lang='lat' dir='ltr'><strong>psalmis,</strong></span> <span class='ocrx_word' id='word_1_122' title='bbox 691 2874 735 2936; x_wconf 89' lang='lat' dir='ltr'><strong>et,</strong></span> <span class='ocrx_word' id='word_1_123' title='bbox 749 2883 831 2951; x_wconf 91' lang='lat' dir='ltr'><strong>quos</strong></span> <span class='ocrx_word' id='word_1_124' title='bbox 848 2858 934 2925; x_wconf 89' lang='lat' dir='ltr'><strong>Deus</strong></span> <span class='ocrx_word' id='word_1_125' title='bbox 949 2858 1070 2942; x_wconf 87' lang='lat' dir='ltr'><strong>audiat,</strong></span> <span class='ocrx_word' id='word_1_126' title='bbox 1089 2857 1231 2947; x_wconf 85' lang='lat' dir='ltr'><strong>hymnis,</strong></span> 
     </span>
     <span class='ocr_line' id='line_1_21' title="bbox 230 2961 1196 3052; baseline 0.003 -25"><span class='ocrx_word' id='word_1_127' title='bbox 230 2961 295 3029; x_wconf 81' lang='lat'><strong>500</strong></span> <span class='ocrx_word' id='word_1_128' title='bbox 316 2963 374 3046; x_wconf 90' lang='lat' dir='ltr'><strong>Te,</strong></span> <span class='ocrx_word' id='word_1_129' title='bbox 390 2967 489 3050; x_wconf 92' lang='lat' dir='ltr'><strong>Deus,</strong></span> <span class='ocrx_word' id='word_1_130' title='bbox 505 2981 661 3033; x_wconf 69' lang='lat' dir='ltr'><strong>eternum</strong></span> <span class='ocrx_word' id='word_1_131' title='bbox 676 2991 714 3032; x_wconf 92' lang='lat' dir='ltr'><strong>ac</strong></span> <span class='ocrx_word' id='word_1_132' title='bbox 727 2990 844 3033; x_wconf 92' lang='lat' dir='ltr'><strong>verum</strong></span> <span class='ocrx_word' id='word_1_133' title='bbox 855 2967 1019 3033; x_wconf 89' lang='lat' dir='ltr'><strong>celebrare</strong></span> <span class='ocrx_word' id='word_1_134' title='bbox 1030 2967 1196 3052; x_wconf 86' lang='lat' dir='ltr'><strong>jubemur,</strong></span> 
     </span>
    </p>

    <p class='ocr_par' dir='ltr' id='par_1_10' title="bbox 323 3072 1056 3163">
     <span class='ocr_line' id='line_1_22' title="bbox 323 3072 1056 3163; baseline 0.007 -28"><span class='ocrx_word' id='word_1_135' title='bbox 323 3072 495 3139; x_wconf 82' lang='lat' dir='ltr'><strong>Auctorem</strong></span> <span class='ocrx_word' id='word_1_136' title='bbox 509 3097 632 3159; x_wconf 74' lang='lat' dir='ltr'><strong>rerum,</strong></span> <span class='ocrx_word' id='word_1_137' title='bbox 650 3072 827 3163; x_wconf 85' lang='lat' dir='ltr'><strong>sapientem</strong></span> <span class='ocrx_word' id='word_1_138' title='bbox 833 3121 1056 3141; x_wconf 91' lang='grc'><strong>......</strong></span> 
     </span>
    </p>
   </div>
   <div class='ocr_carea' id='block_1_4' title="bbox 231 3335 1358 3599">
    <p class='ocr_par' dir='ltr' id='par_1_11' title="bbox 231 3335 1358 3599">
     <span class='ocr_line' id='line_1_23' title="bbox 232 3335 1356 3428; baseline -0.005 -19"><span class='ocrx_word' id='word_1_139' title='bbox 232 3357 432 3423; x_wconf 61' lang='lat' dir='ltr'><strong>summamus]</strong></span> <span class='ocrx_word' id='word_1_140' title='bbox 449 3335 629 3426; x_wconf 64' lang='lat' dir='ltr'><strong>minanam.</strong></span> <span class='ocrx_word' id='word_1_141' title='bbox 645 3386 675 3396; x_wconf 79' lang='grc'><strong>-</strong></span> <span class='ocrx_word' id='word_1_142' title='bbox 691 3362 795 3428; x_wconf 44' lang='lat' dir='ltr'><strong>susq.</strong></span> <span class='ocrx_word' id='word_1_143' title='bbox 810 3357 925 3427; x_wconf 73' lang='lat' dir='ltr'><strong>Epilogus</strong></span> <span class='ocrx_word' id='word_1_144' title='bbox 935 3357 963 3408; x_wconf 77' lang='lat' dir='ltr'><strong>tn</strong></span> <span class='ocrx_word' id='word_1_145' title='bbox 975 3354 1020 3407; x_wconf 70' lang='lat' dir='ltr'><strong>uei</strong></span> <span class='ocrx_word' id='word_1_146' title='bbox 1034 3354 1155 3406; x_wconf 69' lang='lat' dir='ltr'><strong>cratera</strong></span> <span class='ocrx_word' id='word_1_147' title='bbox 1166 3353 1264 3405; x_wconf 73' lang='lat' dir='ltr'><strong>aurem</strong></span> <span class='ocrx_word' id='word_1_148' title='bbox 1283 3353 1356 3420; x_wconf 74' lang='lat' dir='ltr'><strong>[aum</strong></span> 
     </span>
     <span class='ocr_line' id='line_1_24' title="bbox 231 3438 1358 3509; baseline 0 -19"><span class='ocrx_word' id='word_1_149' title='bbox 231 3439 309 3506; x_wconf 86' lang='lat' dir='ltr'><strong>partis</strong></span> <span class='ocrx_word' id='word_1_150' title='bbox 319 3440 476 3509; x_wconf 76' lang='lat' dir='ltr'><strong>precedentis</strong></span> <span class='ocrx_word' id='word_1_151' title='bbox 490 3442 561 3494; x_wconf 90' lang='lat' dir='ltr'><strong>initio</strong></span> <span class='ocrx_word' id='word_1_152' title='bbox 575 3444 645 3495; x_wconf 90' lang='lat' dir='ltr'><strong>valde</strong></span> <span class='ocrx_word' id='word_1_153' title='bbox 659 3460 801 3508; x_wconf 84' lang='lat' dir='ltr'><strong>consonans,</strong></span> <span class='ocrx_word' id='word_1_154' title='bbox 810 3445 852 3496; x_wconf 88' lang='lat' dir='ltr'><strong>aad</strong></span> <span class='ocrx_word' id='word_1_155' title='bbox 861 3443 903 3495; x_wconf 88' lang='lat' dir='ltr'><strong>bie</strong></span> <span class='ocrx_word' id='word_1_156' title='bbox 911 3441 1012 3494; x_wconf 89' lang='lat' dir='ltr'><strong>minime</strong></span> <span class='ocrx_word' id='word_1_157' title='bbox 1025 3441 1128 3507; x_wconf 82' lang='lat' dir='ltr'><strong>integer,</strong></span> <span class='ocrx_word' id='word_1_158' title='bbox 1138 3439 1229 3508; x_wconf 83' lang='lat' dir='ltr'><strong>quippe</strong></span> <span class='ocrx_word' id='word_1_159' title='bbox 1243 3455 1299 3490; x_wconf 84' lang='lat' dir='ltr'><strong>casu</strong></span> <span class='ocrx_word' id='word_1_160' title='bbox 1311 3438 1358 3491; x_wconf 89' lang='lat' dir='ltr'><strong>ali·</strong></span> 
     </span>
     <span class='ocr_line' id='line_1_25' title="bbox 231 3526 1105 3599; baseline 0 -22"><span class='ocrx_word' id='word_1_161' title='bbox 231 3540 281 3591; x_wconf 89' lang='lat' dir='ltr'><strong>quo</strong></span> <span class='ocrx_word' id='word_1_162' title='bbox 295 3526 332 3576; x_wconf 92' lang='lat' dir='ltr'><strong>vel</strong></span> <span class='ocrx_word' id='word_1_163' title='bbox 342 3528 457 3594; x_wconf 87' lang='lat' dir='ltr'><strong>temporis</strong></span> <span class='ocrx_word' id='word_1_164' title='bbox 470 3528 587 3597; x_wconf 87' lang='lat' dir='ltr'><strong>abruptus</strong></span> <span class='ocrx_word' id='word_1_165' title='bbox 598 3529 689 3597; x_wconf 87' lang='lat' dir='ltr'><strong>injuria</strong></span> <span class='ocrx_word' id='word_1_166' title='bbox 705 3548 711 3580; x_wconf 90' lang='lat'>:</span> <span class='ocrx_word' id='word_1_167' title='bbox 727 3548 805 3599; x_wconf 86' lang='lat' dir='ltr'><strong>pauca</strong></span> <span class='ocrx_word' id='word_1_168' title='bbox 816 3542 898 3582; x_wconf 87' lang='lat' dir='ltr'><strong>tamen</strong></span> <span class='ocrx_word' id='word_1_169' title='bbox 909 3531 990 3581; x_wconf 77' lang='lat' dir='ltr'><strong>deesse</strong></span> <span class='ocrx_word' id='word_1_170' title='bbox 999 3528 1105 3595; x_wconf 65' lang='lat' dir='ltr'><strong>remur}</strong></span> 
     </span>
    </p>
   </div>
   <div class='ocr_carea' id='block_1_5' title="bbox 266 3682 1357 3755">
    <p class='ocr_par' dir='ltr' id='par_1_12' title="bbox 266 3682 1357 3755">
     <span class='ocr_line' id='line_1_26' title="bbox 266 3682 1357 3755; baseline 0 -22"><span class='ocrx_word' id='word_1_171' title='bbox 266 3683 325 3738; x_wconf 68' lang='grc'><strong>492.</strong></span> <span class='ocrx_word' id='word_1_172' title='bbox 343 3682 420 3736; x_wconf 84' lang='lat' dir='ltr'><strong>Godd.</strong></span> <span class='ocrx_word' id='word_1_173' title='bbox 439 3683 554 3751; x_wconf 73' lang='lat' dir='ltr'><strong>dapiucvv</strong></span> <span class='ocrx_word' id='word_1_174' title='bbox 573 3687 679 3739; x_wconf 65' lang='lat' dir='ltr'><strong>testato</strong></span> <span class='ocrx_word' id='word_1_175' title='bbox 699 3686 777 3753; x_wconf 79' lang='grc' dir='ltr'>φλόγα</span> <span class='ocrx_word' id='word_1_176' title='bbox 844 3689 901 3739; x_wconf 72' lang='grc'><strong>495.</strong></span> <span class='ocrx_word' id='word_1_177' title='bbox 921 3686 998 3738; x_wconf 90' lang='lat' dir='ltr'><strong>Codd.</strong></span> <span class='ocrx_word' id='word_1_178' title='bbox 1017 3685 1069 3738; x_wconf 79' lang='grc' dir='ltr'><strong>οὐδ’</strong></span> <span class='ocrx_word' id='word_1_179' title='bbox 1091 3683 1275 3749; x_wconf 72' lang='grc' dir='ltr'><strong>ἀποσκοὸὀροιο</strong></span> <span class='ocrx_word' id='word_1_180' title='bbox 1289 3682 1357 3755; x_wconf 53' lang='grc' dir='ltr'><strong>1πύρ-</strong></span> 
     </span>
    </p>
   </div>
   <div class='ocr_carea' id='block_1_6' title="bbox 122 3759 1333 3830">
    <p class='ocr_par' dir='ltr' id='par_1_13' title="bbox 122 3759 1333 3830">
     <span class='ocr_line' id='line_1_27' title="bbox 122 3759 1333 3830; baseline -0.002 -19"><span class='ocrx_word' id='word_1_181' title='bbox 122 3784 128 3798; x_wconf 83' lang='lat'><em>=</em></span> <span class='ocrx_word' id='word_1_182' title='bbox 232 3759 318 3826; x_wconf 76' lang='grc' dir='ltr'><strong>βωμόν</strong></span> <span class='ocrx_word' id='word_1_183' title='bbox 331 3777 337 3811; x_wconf 87' lang='lat'>:</span> <span class='ocrx_word' id='word_1_184' title='bbox 348 3776 413 3819; x_wconf 87' lang='lat' dir='ltr'><strong>corr,</strong></span> <span class='ocrx_word' id='word_1_185' title='bbox 426 3760 486 3830; x_wconf 85' lang='lat' dir='ltr'><strong>Ops.</strong></span> <span class='ocrx_word' id='word_1_186' title='bbox 501 3763 611 3828; x_wconf 80' lang='grc' dir='ltr'><strong>ἀτμοῖσι,</strong></span> <span class='ocrx_word' id='word_1_187' title='bbox 632 3773 712 3815; x_wconf 88' lang='lat' dir='ltr'><strong>cetera</strong></span> <span class='ocrx_word' id='word_1_188' title='bbox 723 3779 775 3814; x_wconf 89' lang='lat' dir='ltr'><strong>nos.</strong></span> <span class='ocrx_word' id='word_1_189' title='bbox 809 3783 851 3826; x_wconf 69' lang='lat' dir='ltr'><strong>va&lt;</strong></span> <span class='ocrx_word' id='word_1_190' title='bbox 866 3780 928 3814; x_wconf 88' lang='lat' dir='ltr'><strong>:nos</strong></span> <span class='ocrx_word' id='word_1_191' title='bbox 941 3780 1005 3813; x_wconf 89' lang='lat' dir='ltr'><strong>corr.</strong></span> <span class='ocrx_word' id='word_1_192' title='bbox 1018 3778 1048 3812; x_wconf 80' lang='lat' dir='ltr'><strong>ea</strong></span> <span class='ocrx_word' id='word_1_193' title='bbox 1058 3759 1203 3828; x_wconf 87' lang='lat' dir='ltr'><strong>compendio</strong></span> <span class='ocrx_word' id='word_1_194' title='bbox 1219 3767 1255 3809; x_wconf 88' lang='lat' dir='ltr'><strong>sat</strong></span> <span class='ocrx_word' id='word_1_195' title='bbox 1265 3766 1333 3809; x_wconf 91' lang='lat' dir='ltr'><strong>noto.</strong></span> 
     </span>
    </p>
   </div>
   <div class='ocr_carea' id='block_1_7' title="bbox 233 3825 1439 4060">
    <p class='ocr_par' dir='ltr' id='par_1_14' title="bbox 233 3825 1439 4060">
     <span class='ocr_line' id='line_1_28' title="bbox 267 3825 1439 3907; baseline 0 -20"><span class='ocrx_word' id='word_1_196' title='bbox 267 3838 324 3888; x_wconf 70' lang='grc'><strong>493.</strong></span> <span class='ocrx_word' id='word_1_197' title='bbox 344 3837 421 3890; x_wconf 76' lang='lat' dir='ltr'><strong>chd.</strong></span> <span class='ocrx_word' id='word_1_198' title='bbox 442 3839 589 3905; x_wconf 79' lang='grc' dir='ltr'><strong>μηλοσφάγα</strong></span> <span class='ocrx_word' id='word_1_199' title='bbox 605 3843 711 3907; x_wconf 74' lang='grc' dir='ltr'><strong>αἵματος</strong></span> <span class='ocrx_word' id='word_1_200' title='bbox 728 3839 777 3890; x_wconf 76' lang='lat' dir='ltr'><strong>iai·</strong></span> <span class='ocrx_word' id='word_1_201' title='bbox 845 3842 903 3891; x_wconf 81' lang='lat' dir='ltr'><strong>sol.</strong></span> <span class='ocrx_word' id='word_1_202' title='bbox 922 3838 950 3889; x_wconf 91' lang='lat' dir='ltr'><strong>lu</strong></span> <span class='ocrx_word' id='word_1_203' title='bbox 968 3838 1015 3890; x_wconf 87' lang='lat' dir='ltr'><strong>boc</strong></span> <span class='ocrx_word' id='word_1_204' title='bbox 1033 3835 1120 3888; x_wconf 87' lang='lat' dir='ltr'><strong>mutilo</strong></span> <span class='ocrx_word' id='word_1_205' title='bbox 1141 3850 1213 3886; x_wconf 87' lang='lat' dir='ltr'><strong>versu</strong></span> <span class='ocrx_word' id='word_1_206' title='bbox 1231 3835 1358 3887; x_wconf 76' lang='lat' dir='ltr'><strong>desinebat</strong></span> <span class='ocrx_word' id='word_1_207' title='bbox 1437 3825 1439 3829; x_wconf 41' lang='lat'>¹</span> 
     </span>
     <span class='ocr_line' id='line_1_29' title="bbox 233 3911 1359 3982; baseline -0.002 -18"><span class='ocrx_word' id='word_1_208' title='bbox 233 3914 277 3973; x_wconf 78' lang='lat' dir='ltr'><strong>⁶ct</strong></span> <span class='ocrx_word' id='word_1_209' title='bbox 291 3931 297 3964; x_wconf 74' lang='grc' dir='ltr'><strong>ε</strong></span> <span class='ocrx_word' id='word_1_210' title='bbox 311 3928 375 3965; x_wconf 88' lang='lat' dir='ltr'><strong>corr.</strong></span> <span class='ocrx_word' id='word_1_211' title='bbox 392 3912 450 3982; x_wconf 83' lang='lat' dir='ltr'><strong>Ops.</strong></span> <span class='ocrx_word' id='word_1_212' title='bbox 724 3911 729 3920; x_wconf 83' lang='lat'>&#39;</span> <span class='ocrx_word' id='word_1_213' title='bbox 812 3913 871 3966; x_wconf 88' lang='lat' dir='ltr'><strong>olim</strong></span> <span class='ocrx_word' id='word_1_214' title='bbox 892 3912 1011 3981; x_wconf 78' lang='lat' dir='ltr'><strong>Sibyllina</strong></span> <span class='ocrx_word' id='word_1_215' title='bbox 1036 3911 1148 3963; x_wconf 84' lang='lat' dir='ltr'><strong>collectio</strong></span> <span class='ocrx_word' id='word_1_216' title='bbox 1177 3921 1234 3962; x_wconf 90' lang='lat' dir='ltr'><strong>ante</strong></span> <span class='ocrx_word' id='word_1_217' title='bbox 1252 3920 1359 3979; x_wconf 87' lang='lat' dir='ltr'><strong>quatuor</strong></span> 
     </span>
     <span class='ocr_line' id='line_1_30' title="bbox 267 3987 1358 4060; baseline -0.004 -19"><span class='ocrx_word' id='word_1_218' title='bbox 267 3992 324 4041; x_wconf 81' lang='lat' dir='ltr'><strong>tut.</strong></span> <span class='ocrx_word' id='word_1_219' title='bbox 342 3990 418 4041; x_wconf 88' lang='lat' dir='ltr'><strong>Godd.</strong></span> <span class='ocrx_word' id='word_1_220' title='bbox 442 3994 617 4060; x_wconf 77' lang='grc' dir='ltr'><strong>λυτροχαρεῑς,</strong></span> <span class='ocrx_word' id='word_1_221' title='bbox 641 3993 717 4060; x_wconf 85' lang='lat' dir='ltr'><strong>quod,</strong></span> <span class='ocrx_word' id='word_1_222' title='bbox 732 3991 778 4044; x_wconf 90' lang='lat' dir='ltr'><strong>etsi</strong></span> <span class='ocrx_word' id='word_1_223' title='bbox 812 3990 910 4041; x_wconf 89' lang='lat' dir='ltr'><strong>ultimos</strong></span> <span class='ocrx_word' id='word_1_224' title='bbox 923 3990 998 4040; x_wconf 87' lang='lat' dir='ltr'><strong>libros</strong></span> <span class='ocrx_word' id='word_1_225' title='bbox 1023 3988 1121 4039; x_wconf 84' lang='lat' dir='ltr'><strong>allaio</strong></span> <span class='ocrx_word' id='word_1_226' title='bbox 1144 3997 1261 4055; x_wconf 87' lang='lat' dir='ltr'><strong>repertos.</strong></span> <span class='ocrx_word' id='word_1_227' title='bbox 1285 3987 1313 4038; x_wconf 90' lang='lat' dir='ltr'><strong>lu</strong></span> <span class='ocrx_word' id='word_1_228' title='bbox 1328 3987 1358 4037; x_wconf 82' lang='lat' dir='ltr'><strong>iis</strong></span> 
     </span>
    </p>
   </div>
   <div class='ocr_carea' id='block_1_8' title="bbox 232 4061 1463 4137">
    <p class='ocr_par' dir='ltr' id='par_1_15' title="bbox 232 4061 1463 4137">
     <span class='ocr_line' id='line_1_31' title="bbox 232 4061 1463 4137; baseline -0.002 -21"><span class='ocrx_word' id='word_1_229' title='bbox 232 4063 428 4134; x_wconf 83' lang='lat' dir='ltr'><strong>malescriptum</strong></span> <span class='ocrx_word' id='word_1_230' title='bbox 441 4083 487 4135; x_wconf 89' lang='lat' dir='ltr'><strong>pro</strong></span> <span class='ocrx_word' id='word_1_231' title='bbox 504 4067 675 4137; x_wconf 76' lang='grc' dir='ltr'><strong>λυθροχαρεῖς,</strong></span> <span class='ocrx_word' id='word_1_232' title='bbox 697 4069 778 4121; x_wconf 75' lang='lat' dir='ltr'><strong>firmtt</strong></span> <span class='ocrx_word' id='word_1_233' title='bbox 812 4083 869 4119; x_wconf 88' lang='lat' dir='ltr'><strong>vero</strong></span> <span class='ocrx_word' id='word_1_234' title='bbox 890 4065 961 4118; x_wconf 91' lang='lat' dir='ltr'><strong>codd.</strong></span> <span class='ocrx_word' id='word_1_235' title='bbox 984 4064 1074 4132; x_wconf 85' lang='lat' dir='ltr'><strong>quibua</strong></span> <span class='ocrx_word' id='word_1_236' title='bbox 1100 4062 1164 4114; x_wconf 87' lang='lat' dir='ltr'><strong>liber</strong></span> <span class='ocrx_word' id='word_1_237' title='bbox 1186 4061 1241 4114; x_wconf 81' lang='lat' dir='ltr'><strong>vttl</strong></span> <span class='ocrx_word' id='word_1_238' title='bbox 1263 4061 1358 4132; x_wconf 88' lang='lat' dir='ltr'><strong>primus</strong></span> <span class='ocrx_word' id='word_1_239' title='bbox 1458 4071 1463 4080; x_wconf 81' lang='grc'><strong>“</strong></span> 
     </span>
    </p>
   </div>
   <div class='ocr_carea' id='block_1_9' title="bbox 231 4138 1357 4441">
    <p class='ocr_par' dir='ltr' id='par_1_16' title="bbox 231 4138 1357 4441">
     <span class='ocr_line' id='line_1_32' title="bbox 231 4138 1356 4214; baseline -0.004 -20"><span class='ocrx_word' id='word_1_240' title='bbox 231 4149 314 4194; x_wconf 84' lang='lat' dir='ltr'><strong>tamen</strong></span> <span class='ocrx_word' id='word_1_241' title='bbox 328 4159 410 4194; x_wconf 82' lang='lat' dir='ltr'><strong>versus</strong></span> <span class='ocrx_word' id='word_1_242' title='bbox 422 4144 509 4212; x_wconf 88' lang='lat' dir='ltr'><strong>prioris</strong></span> <span class='ocrx_word' id='word_1_243' title='bbox 518 4144 649 4196; x_wconf 89' lang='lat' dir='ltr'><strong>lectionem</strong></span> <span class='ocrx_word' id='word_1_244' title='bbox 657 4144 688 4195; x_wconf 89' lang='lat' dir='ltr'><strong>ab</strong></span> <span class='ocrx_word' id='word_1_245' title='bbox 700 4144 778 4214; x_wconf 83' lang='lat' dir='ltr'><strong>Opao-</strong></span> <span class='ocrx_word' id='word_1_246' title='bbox 810 4156 861 4207; x_wconf 87' lang='lat' dir='ltr'><strong>est,</strong></span> <span class='ocrx_word' id='word_1_247' title='bbox 875 4143 974 4194; x_wconf 82' lang='lat' dir='ltr'><strong>additur</strong></span> <span class='ocrx_word' id='word_1_248' title='bbox 982 4138 1149 4193; x_wconf 86' lang='lat' dir='ltr'><strong>atichometria</strong></span> <span class='ocrx_word' id='word_1_249' title='bbox 1161 4158 1166 4191; x_wconf 93' lang='lat'>:</span> <span class='ocrx_word' id='word_1_250' title='bbox 1178 4143 1224 4192; x_wconf 70' lang='lat' dir='ltr'><strong>‘aa</strong></span> <span class='ocrx_word' id='word_1_251' title='bbox 1235 4138 1280 4191; x_wconf 81' lang='grc' dir='ltr'><strong>τοῦ</strong></span> <span class='ocrx_word' id='word_1_252' title='bbox 1290 4138 1356 4209; x_wconf 80' lang='grc' dir='ltr'><strong>πρώ-</strong></span> 
     </span>
     <span class='ocr_line' id='line_1_33' title="bbox 232 4215 1356 4288; baseline -0.004 -18"><span class='ocrx_word' id='word_1_253' title='bbox 232 4233 286 4286; x_wconf 82' lang='lat' dir='ltr'><strong>poeo</strong></span> <span class='ocrx_word' id='word_1_254' title='bbox 309 4219 465 4287; x_wconf 87' lang='lat' dir='ltr'><strong>propositam.</strong></span> <span class='ocrx_word' id='word_1_255' title='bbox 479 4218 572 4271; x_wconf 85' lang='lat' dir='ltr'><strong>Deinde</strong></span> <span class='ocrx_word' id='word_1_256' title='bbox 584 4237 630 4288; x_wconf 89' lang='lat' dir='ltr'><strong>pro</strong></span> <span class='ocrx_word' id='word_1_257' title='bbox 644 4221 777 4286; x_wconf 71' lang='grc' dir='ltr'>αἰνίγματα</span> <span class='ocrx_word' id='word_1_258' title='bbox 811 4239 855 4272; x_wconf 82' lang='lat' dir='ltr'><strong>aec</strong></span> <span class='ocrx_word' id='word_1_259' title='bbox 868 4221 943 4283; x_wconf 82' lang='grc' dir='ltr'><strong>λόγου</strong></span> <span class='ocrx_word' id='word_1_260' title='bbox 958 4218 1038 4285; x_wconf 80' lang='grc' dir='ltr'>στίχοι</span> <span class='ocrx_word' id='word_1_261' title='bbox 1047 4218 1100 4283; x_wconf 57' lang='grc' dir='ltr'><strong>φά,</strong></span> <span class='ocrx_word' id='word_1_262' title='bbox 1115 4215 1140 4266; x_wconf 90' lang='lat' dir='ltr'><strong>id</strong></span> <span class='ocrx_word' id='word_1_263' title='bbox 1154 4225 1205 4277; x_wconf 88' lang='lat' dir='ltr'><strong>est,</strong></span> <span class='ocrx_word' id='word_1_264' title='bbox 1216 4239 1228 4263; x_wconf 77' lang='lat' dir='ltr'><strong>a</strong></span> <span class='ocrx_word' id='word_1_265' title='bbox 1240 4216 1356 4283; x_wconf 84' lang='lat' dir='ltr'><strong>exprimo</strong></span> 
     </span>
     <span class='ocr_line' id='line_1_34' title="bbox 232 4290 1357 4364; baseline -0.002 -20"><span class='ocrx_word' id='word_1_266' title='bbox 232 4293 304 4362; x_wconf 76' lang='lat' dir='ltr'><strong>louge</strong></span> <span class='ocrx_word' id='word_1_267' title='bbox 315 4305 438 4363; x_wconf 75' lang='lat' dir='ltr'><strong>prestaret</strong></span> <span class='ocrx_word' id='word_1_268' title='bbox 452 4298 598 4364; x_wconf 78' lang='grc' dir='ltr'><strong>μειλίγματα</strong></span> <span class='ocrx_word' id='word_1_269' title='bbox 607 4338 614 4358; x_wconf 91' lang='grc'>,</span> <span class='ocrx_word' id='word_1_270' title='bbox 623 4307 652 4349; x_wconf 92' lang='lat' dir='ltr'><strong>ut</strong></span> <span class='ocrx_word' id='word_1_271' title='bbox 665 4297 692 4348; x_wconf 92' lang='lat' dir='ltr'><strong>in</strong></span> <span class='ocrx_word' id='word_1_272' title='bbox 704 4297 777 4348; x_wconf 87' lang='lat' dir='ltr'><strong>Baci-</strong></span> <span class='ocrx_word' id='word_1_273' title='bbox 810 4297 874 4347; x_wconf 87' lang='lat' dir='ltr'><strong>libro</strong></span> <span class='ocrx_word' id='word_1_274' title='bbox 884 4310 966 4346; x_wconf 83' lang='lat' dir='ltr'><strong>versus</strong></span> <span class='ocrx_word' id='word_1_275' title='bbox 977 4296 1025 4346; x_wconf 79' lang='lat'><strong>502</strong></span> <span class='ocrx_word' id='word_1_276' title='bbox 1034 4315 1063 4354; x_wconf 76' lang='lat' dir='ltr'><strong>o,</strong></span> <span class='ocrx_word' id='word_1_277' title='bbox 1078 4310 1122 4361; x_wconf 89' lang='lat' dir='ltr'><strong>pro</strong></span> <span class='ocrx_word' id='word_1_278' title='bbox 1132 4296 1191 4352; x_wconf 78' lang='lat'><strong>501,</strong></span> <span class='ocrx_word' id='word_1_279' title='bbox 1202 4299 1300 4360; x_wconf 85' lang='lat' dir='ltr'><strong>recepto</strong></span> <span class='ocrx_word' id='word_1_280' title='bbox 1308 4290 1357 4343; x_wconf 89' lang='lat' dir='ltr'><strong>sci·</strong></span> 
     </span>
     <span class='ocr_line' id='line_1_35' title="bbox 232 4364 1311 4441; baseline -0.004 -20"><span class='ocrx_word' id='word_1_281' title='bbox 232 4368 271 4422; x_wconf 87' lang='lat' dir='ltr'><strong>dis</strong></span> <span class='ocrx_word' id='word_1_282' title='bbox 278 4372 378 4424; x_wconf 83' lang='lat' dir='ltr'><strong>oraculo</strong></span> <span class='ocrx_word' id='word_1_283' title='bbox 386 4374 452 4441; x_wconf 88' lang='lat' dir='ltr'><strong>apud</strong></span> <span class='ocrx_word' id='word_1_284' title='bbox 464 4373 619 4435; x_wconf 81' lang='lat' dir='ltr'><strong>Pausaniam,</strong></span> <span class='ocrx_word' id='word_1_285' title='bbox 629 4375 707 4427; x_wconf 75' lang='lat' dir='ltr'><strong>Boset.</strong></span> <span class='ocrx_word' id='word_1_286' title='bbox 722 4379 761 4426; x_wconf 81' lang='grc' dir='ltr'><strong>Π.</strong></span> <span class='ocrx_word' id='word_1_287' title='bbox 810 4373 868 4424; x_wconf 90' lang='lat' dir='ltr'><strong>licet</strong></span> <span class='ocrx_word' id='word_1_288' title='bbox 878 4372 904 4423; x_wconf 90' lang='lat' dir='ltr'><strong>iu</strong></span> <span class='ocrx_word' id='word_1_289' title='bbox 912 4387 1042 4423; x_wconf 71' lang='lat' dir='ltr'><strong>nummum</strong></span> <span class='ocrx_word' id='word_1_290' title='bbox 1050 4368 1218 4422; x_wconf 79' lang='lat' dir='ltr'><strong>acrostichidis</strong></span> <span class='ocrx_word' id='word_1_291' title='bbox 1229 4364 1311 4420; x_wconf 86' lang='lat' dir='ltr'><strong>titulo.</strong></span> 
     </span>
    </p>
   </div>
   <div class='ocr_carea' id='block_1_10' title="bbox 662 4547 918 4583">
    <p class='ocr_par' dir='ltr' id='par_1_17' title="bbox 662 4547 918 4583">
     <span class='ocr_line' id='line_1_36' title="bbox 662 4547 918 4583; baseline -0.004 -8"><span class='ocrx_word' id='word_1_292' title='bbox 662 4547 918 4583; x_wconf 63' lang='lat' dir='ltr'><strong>...n-Q·—</strong></span> 
     </span>
    </p>
   </div>
   <div class='ocr_carea' id='block_1_11' title="bbox 0 0 1603 5310">
    <p class='ocr_par' dir='ltr' id='par_1_18' title="bbox 0 0 1603 5310">
     <span class='ocr_line' id='line_1_37' title="bbox 0 0 1603 5310; baseline 0 0"><span class='ocrx_word' id='word_1_293' title='bbox 0 0 1603 5310; x_wconf 95' lang='lat' dir='ltr'><strong> </strong></span> 
     </span>
    </p>
   </div>
  </div>
 </body>
</html>
