3186 5310
496 363 779 487 ¹SlllYLLlNORUll
800 421 871 483 ΗΒ.
893 419 1008 500 Vlll,§
1028 423 1056 482 l.
1283 425 1342 485 tet

311 554 416 618 Omne
429 552 518 621 nefas
532 553 672 644 prompti
685 571 826 644 patrare,
843 552 975 645 pudoris
990 570 1132 641 egentes,

231 660 291 728 185
315 664 472 753 Raptores
489 661 633 743 violenti,
652 663 893 753 importunique
907 661 1051 752 tyranni,

315 769 499 848 Mendaces‚
519 771 607 860 pravi
625 770 751 853 studiis,
767 770 834 836 sine
842 775 913 857 jure
933 769 1047 854 fidere,

317 876 436 943 infensi
445 877 549 965 justis,
567 877 647 944 falsa
665 895 697 943 et
711 877 898 968 blasphema
913 878 1095 969 loquentes,

320 988 411 1069 Quos
425 1009 485 1050 nec
503 1008 580 1076 opes
594 985 665 1050 ullae
683 985 857 1068 satiabunt,
876 986 1029 1076 pluraque
1046 1009 1172 1076 semper

319 1095 505 1177 Quaerentes
522 1093 604 1158 male
618 1110 722 1184 parta,
741 1093 856 1159 cadent
872 1092 945 1158 data
962 1094 1067 1183 praeda
1081 1095 1236 1183 tyrannis.

236 1226 297 1292 ¹9⁰
364 1202 477 1267 Sidera
494 1217 608 1266 cuncta
625 1219 719 1267 ruent
734 1201 768 1266 in
781 1199 896 1268 {luctus
910 1226 1012 1292 pruna
1032 1201 1185 1284 marinos,

322 1310 494 1374 innumera
507 1307 561 1372 illa
578 1307 721 1397 quidem,
736 1310 792 1375 sed
807 1309 930 1375 tristius
943 1309 1093 1376 omnibus
1106 1334 1218 1387 unum,

322 1415 434 1506 ignitis
451 1415 567 1481 ardens
582 1416 694 1499 radiis,
712 1440 808 1505 quem
820 1441 935 1505 nempe
951 1434 1099 1483 cometen

323 1525 450 1603 Dicent,
464 1523 610 1589 instantis
626 1523 753 1612 siguum
767 1524 892 1590 exitiale
910 1526 1076 1592 tumultun.

369 1631 440 1699 Ab!
460 1656 501 1697 ne
516 1632 587 1697 luce
603 1632 692 1696 fruar
706 1656 806 1721 quum
824 1633 936 1702 festiva
954 1633 1006 1698 illa
1027 1633 1149 1700 tenebit

241 1740 301 1828 195
326 1739 519 1831 Imperium3
538 1740 677 1804 sedtum
692 1765 791 1831 quum
806 1741 907 1830 gratia
920 1741 971 1807 dia
985 1741 1116 1830 vigebit,

328 1849 370 1913 Et
384 1871 484 1937 quum
499 1849 645 1937 periuros
660 1865 787 1913 sanctus
801 1871 882 1937 puer
896 1846 1057 1938 opprimet
1074 1848 1184 1915 hostes

328 1955 468 2020 Humani
484 1955 623 2044 generis,
641 1955 827 2045 vinctosque
845 1956 878 2020 in
895 1955 985 2021 triste
1004 1956 1192 2021 barathrum

331 2062 500 2149 Gonjiciet,
519 2085 616 2154 cuper
630 2078 662 2128 et
676 2064 789 2152 grandi
808 2079 893 2152 teget
910 2062 992 2128 ostia
1007 2063 1105 2153 ligno.

377 2168 441 2234 Sed
454 2186 624 2260 postquam
639 2169 801 2235 decimum
817 2171 876 2235 sub
894 2187 994 2236 terras
1007 2171 1100 2236 iverit
1117 2196 1230 2250 aewm,

245 2296 309 2340 200
333 2274 476 2340 Feminei
489 2273 537 2339 vis
553 2273 684 2364 incipiet
698 2274 868 2341 saevissima
882 2277 984 2367 regni,

332 2383 505 2474 AErumuas
521 2383 704 2448 cumulante
720 2384 802 2461 Dec,
819 2408 918 2472 quum
936 2385 1022 2472 regia
1038 2387 1145 2450 fronte

334 2492 431 2580 Signa
449 2506 539 2579 geret
556 2490 671 2557 mulier
689 2515 696 2556 ι
716 2508 792 2556 tunc
811 2515 913 2556 annus
928 2493 1053 2580 longior
1069 2517 1147 2559 aev0.

379 2597 464 2666 Hinc
482 2599 530 2664 sol
551 2600 707 2665 obscurus
725 2616 836 2689 perget
850 2616 1013 2689 noctuque
1032 2599 1194 2690 dieque

334 2709 429 2771 Astra
449 2706 559 2796 polum
580 2706 725 2796 linquent
742 2729 750 2771 τ
767 2706 889 2772 crebris
905 2708 991 2771 Deus
1006 2707 1074 2797 ipse
1090 2709 1238 2796 procellis

249 2813 312 2878 205
336 2814 483 2879 Vastubit
500 2831 618 2878 terram
635 2842 641 2878 :
659 2838 833 2903 manesque
850 2832 988 2881 amorte
1007 2834 1191 2906 resurgent3

336 2923 378 2987 Et
394 2920 500 2988 claudi
515 2921 628 3012 rapido
644 2924 774 2987 curreni
789 2924 888 3013 pede3
905 2923 1020 2989 surdus
1035 2941 1067 2989 et
1081 2925 1148 3015 ipse

337 3031 467 3110 Audiet,
484 3048 517 3096 et
532 3054 633 3097 caecus
648 3047 770 3110 cernet,
791 3049 963 3122 mutusque
980 3033 1139 3121 loquetur.

247 3252 291 3294 tur
303 3239 389 3304 innui;
403 3238 444 3290 bic
458 3239 546 3290 mulier
560 3239 641 3288 neseio
653 3240 837 3306 quel-20³,
850 3254 903 3304 sqq.
920 3238 983 3288 Solis
990 3249 1015 3289 et
1022 3249 1143 3292 astrorum
1151 3239 1259 3293 delectur
1272 3260 1278 3293 τ
1294 3261 1374 3297 resur·

248 3327 326 3378 rectio
336 3336 489 3376 mortuorum
498 3325 507 3390 [
515 3341 546 3374 nn
556 3325 640 3374 eadem
650 3340 704 3390 quie
714 3339 796 3390 supra,
817 3327 874 3386 ltu,
888 3334 988 3373 auctore
1000 3324 1025 3373 in
1037 3341 1062 3374 se
1071 3325 1188 3376 redeunte
1198 3331 1209 3377 Ρ
1221 3327 1276 3378 ride
1285 3338 1338 3381 not.
1346 3331 1372 3396 ]:

249 3410 335 3477 utique
346 3408 463 3476 nullijam
472 3425 602 3477 corporum
610 3408 745 3460 infirmitati
755 3411 821 3460 locus
833 3427 838 3458 :
851 3407 952 3459 felicitas
963 3409 1116 3475 justorumin
1126 3410 1197 3461 terris
1209 3429 1214 3461 :
1229 3410 1278 3477 [ibi
1286 3413 1374 3466 lacuna

249 3565 315 3618 tium
333 3583 363 3617 ex
377 3565 496 3625 Hesiodo,
512 3566 584 3633 Oper.
603 3568 658 3615 tit.
674 3564 795 3624 Deindetl
831 3564 931 3631 apocal.
941 3580 994 3630 cap.
1009 3567 1054 3627 lt;
1069 3563 1127 3615 item
1139 3566 1204 3632 apud
1214 3582 1266 3627 nos,
1277 3565 1319 3629 lli,
1330 3571 1379 3631 tc,

250 3643 338 3711 ῑλαρά,
352 3642 429 3693 Rome
443 3651 486 3701 est,
501 3641 621 3709 quidquid
634 3641 677 3691 alii
690 3641 796 3691 somnia·
830 3649 854 3690 et
868 3639 923 3690 vide
939 3651 990 3690 not.

250 3719 312 3782 rint,
326 3720 357 3769 de
372 3737 420 3786 qua
435 3720 510 3770 etiam
523 3718 597 3780 inira,
612 3721 668 3778 190,
678 3734 741 3785 sqq.‚
753 3717 795 3767 ubi
864 3719 922 3767 202.
941 3716 1017 3766 Codd.
1042 3715 1131 3777 ἤπιος,
1155 3717 1198 3766 ubi
1218 3733 1263 3768 nos
1277 3734 1291 3769 e
1308 3722 1373 3789 conj.

251 3796 308 3865 vide
316 3804 368 3846 not.
378 3796 426 3846 Sed
433 3813 478 3862 pro
485 3797 527 3846 ὅτε
536 3804 660 3862 praestaret
670 3797 729 3846 ὅταν
740 3809 796 3844 eum
829 3793 920 3851 ἡλίκος.

251 3869 328 3940 rubj„
341 3872 413 3923 metri
425 3888 505 3922 eausa.
864 3870 921 3918 203.
942 3867 1017 3917 Codd.
1045 3869 1162 3935 αὐχμηροὶ
1182 3878 1207 3919 et
1233 3874 1377 3940 νυκτερινά,

289 3952 345 4000 190.
364 3949 440 3999 Codd.
462 3949 519 4004 παῖς
544 3949 599 3998 ποθ’
618 3947 698 4012 ἱερός,
720 3954 799 3996 metro
832 3954 962 4009 utrumque
973 3954 1057 3994 contra
1068 3955 1173 3995 metrum
1187 3961 1192 3995 :
1206 3963 1249 3997 nos
1261 3966 1325 4000 corr.

253 4024 345 4085 invito,
364 4041 392 4075 ac
410 4023 498 4074 deinde
515 4024 625 4087 δολοφῶν
643 4040 648 4070 :
668 4032 799 4088 utrumque
866 4023 923 4070 tul.
944 4019 1020 4069 Codd.
1044 4021 1120 4080 θύων,
1143 4019 1184 4069 ubi
1206 4039 1249 4072 nos
1276 4040 1290 4074 c
1312 4027 1377 4094 conj.

254 4116 300 4152 nce
311 4117 375 4152 corr.
392 4100 442 4151 Cir.
461 4099 560 4167 Apoeal.
578 4115 631 4165 cap.
649 4103 693 4156 20,
710 4114 732 4149 v.
749 4102 798 4156 23,
833 4096 916 4160 τυφών
932 4110 938 4145 :
952 4111 1041 4145 nomen
1055 4095 1120 4144 enim
1132 4094 1205 4146 verbo
1220 4099 1311 4153 deerat.

256 4186 282 4228 et
296 4178 350 4228 ride
363 4185 415 4227 not.
868 4174 926 4223 205.
944 4171 1001 4221 Tria
1024 4171 1109 4221 ultima
1128 4172 1201 4222 rerba
1221 4190 1234 4223 c
1255 4177 1312 4227 mtis
1336 4177 1381 4229 ab·

293 4254 349 4306 198.
368 4252 444 4303 Codd.
462 4252 559 4318 βροτοῖς
572 4266 578 4300 2
591 4265 635 4298 nos
644 4266 658 4298 e
667 4250 730 4315 conj.
743 4252 802 4317 βρο-
835 4257 901 4306 sunt,
912 4249 960 4313 jam
971 4256 1071 4297 tamena
1079 4248 1190 4314 principe
1199 4249 1301 4311 editore,
1319 4254 1380 4306 Luc.

248 4328 330 4391 πούς,
340 4344 428 4396 nempe
437 4327 581 4377 Antichristi
594 4325 672 4376 socios
685 4342 739 4375 eum
751 4325 803 4392 ipso
836 4324 908 4375 tantii
924 4323 1039 4376 videlicet
1052 4323 1108 4379 fide,
1125 4326 1215 4375 addita.
1233 4327 1294 4377 Num
1309 4330 1383 4396 hujus

257 4406 395 4466 demersos3
406 4414 432 4456 et
443 4403 508 4454 lavet
521 4403 583 4453 liber
595 4402 636 4461 lll,
653 4404 708 4452 tal.
839 4417 920 4449 versus
936 4398 1117 4449 hemistichium
1131 4410 1155 4450 et
1170 4401 1230 4452 duos
1246 4419 1299 4469 sqq.
1318 4405 1382 4456 inte·
1480 4424 1490 4448 1

295 4486 352 4536 109.
371 4481 409 4532 hu
420 4481 491 4545 γενεή
507 4479 604 4547 potius?
838 4491 893 4541 gros
914 4476 973 4525 citat
991 4475 1145 4536 Lactantius,
1161 4476 1201 4536 tv,
1220 4480 1260 4541 15,
1275 4480 1317 4530 sed
1332 4480 1383 4532 alio

293 4560 351 4610 2⁰0.
371 4557 405 4608 De
422 4556 488 4609 illim
505 4555 614 4608 mulieris
630 4553 741 4622 imperio,
758 4551 802 4604 cir.
839 4567 919 4610 sensu,
930 4551 960 4601 de
975 4550 1069 4602 Christi
1082 4568 1170 4621 nempe
1184 4553 1316 4606 minentis.
