3186 5310
180 783 675 903 INTRODUCTIO
716 791 818 904 AD
866 786 1242 903 SIBYLLINA

159 1246 198 1289 ns
214 1247 446 1291 sarrasrsonun
463 1251 550 1293 nnnc
563 1251 758 1294 sxsrssrmu
773 1250 942 1294 mantuus
957 1249 1152 1307 onrcrnmus,
1170 1248 1272 1305 sarrs,

323 1359 606 1417 consummamus,
627 1344 869 1417 arumnensis,
890 1360 1105 1404 stratonicus.

627 1615 804 1644 ...κο-

398 1931 427 1996 I.
459 1930 560 2020 Origo
583 1928 813 2015 Sibyllinorum
835 1941 1026 1992 nostrorum.

199 2100 274 2165 Fuit
297 2118 423 2190 tempus
444 2124 543 2190 quum
567 2100 763 2191 Sibyllarum
788 2097 969 2185 gentilium,
993 2095 1175 2184 dequibus
1199 2092 1276 2159 olim

157 2207 349 2293 exspatiatus
375 2229 444 2270 sum
471 2206 505 2270 in
531 2205 722 2272 Excursibus
749 2201 829 2268 meis
840 2204 868 2280 1,
888 2203 921 2265 ll
941 2217 973 2266 et
998 2202 1058 2288 111,
1082 2198 1277 2287 famalonge

86 2386 100 2405 ἢ
158 2310 285 2400 lateque
300 2311 416 2377 diffusa
432 2335 504 2377 cum
528 2312 671 2402 ipsarum
683 2307 889 2388 carminibus,
909 2309 1005 2376 hodie
1026 2334 1085 2401 per
1097 2308 1275 2400 fragmenta

159 2431 282 2480 tantum
294 2417 414 2483 ibidem
425 2440 442 2480 a
459 2441 511 2482 me
522 2417 653 2482 collecta
663 2414 899 2506 superstitibus,
912 2416 929 2480 J
931 2414 1022 2481 udaeo
1034 2415 1161 2481 cuidam
1174 2438 1277 2504 graece

158 2524 262 2614 perito
286 2524 320 2588 in
344 2523 486 2588 animum
498 2523 624 2589 induxit
638 2539 703 2589 tam
717 2523 860 2589 celebres
883 2538 1014 2612 tamque
1030 2520 1182 2588 florentes
1199 2547 1277 2614 pro·

159 2629 223 2695 fani
240 2629 324 2719 vulgi
339 2629 402 2695 fide
420 2629 640 2721 praedictiones
660 2628 816 2696 similibus
835 2629 972 2695 oraculis
990 2629 1144 2711 aemulari,
1159 2629 1278 2719 quibus

158 2736 299 2802 Juda'r'cae
315 2734 418 2827 gentis
432 2739 495 2804 sata
514 2739 547 2803 in
561 2737 722 2827 praeterito
743 2737 930 2822 celebraret,
952 2735 986 2800 in
1006 2738 1148 2812 futurum
1165 2735 1277 2802 vatici-

158 2860 298 2911 naretur.
322 2846 399 2910 Haec
413 2843 516 2934 prima
536 2843 597 2908 fnit
613 2842 770 2909 librorum
793 2860 979 2909 nostrorum
1005 2841 1107 2932 origo.
1128 2844 1276 2926 Quomm

123 2975 124 2978 ¹
158 2950 390 3038 antiquissimas
405 2951 524 3040 diuque
537 2950 620 3016 solas
632 2949 712 3016 duas
727 2949 822 3015 fuisse
838 2966 945 3040 partes
959 2948 1111 3037 genuinas
1127 2947 1202 3013 libn‘
1215 2949 1276 3029 111,

156 3063 172 3137 s
190 3079 208 3121 a
223 3073 255 3122 et
268 3063 302 3136 4,
322 3057 398 3123 olim
412 3057 446 3122 in
459 3057 656 3123 Excursibus
670 3058 727 3138 IV,
744 3056 786 3143 V,
800 3072 832 3121 et
847 3055 946 3121 modo
955 3055 986 3120 in
1002 3055 1097 3143 hujus
1105 3054 1276 3124 voluminis

156 3161 360 3245 Praesatione,
379 3162 564 3229 certissimis
578 3161 773 3250 argumentis
786 3161 1021 3240 demonstravi3
1038 3186 1154 3253 easque
1169 3180 1277 3253 partes

159 3293 178 3334 a
196 3269 306 3335 Judaeo
325 3270 541 3336 Alexandrino
568 3293 637 3336 esse
662 3270 795 3359 scriptas
813 3287 967 3359 regnante
981 3271 1155 3337 Ptolemae
1169 3271 1277 3338 Philo-

152 3393 295 3456 metere,
313 3393 383 3443 tum
396 3400 496 3467 quum
510 3376 689 3442 Antiochus
703 3375 899 3467 Epiphanes,
910 3375 1009 3466 Syriae
1019 3400 1087 3460 rex,
1098 3377 1276 3468 Egyptum
1362 3412 1366 3421 =

157 3484 269 3549 invasit
293 3483 534 3572 miserrimeque
550 3483 694 3549 vastavit.
714 3486 789 3566 Quo
809 3500 954 3575 tempore
976 3499 1064 3549 tanta
1082 3482 1142 3549 fuit
1165 3484 1197 3549 in
1222 3484 1275 3550 illa

158 3591 290 3680 regione
306 3616 415 3674 rerum
432 3608 465 3657 et
480 3591 663 3656 animorum
675 3591 889 3680 perturbatio,
906 3608 940 3657 ut
964 3591 1078 3677 ludaei,
1101 3615 1141 3657 ox
1160 3591 1277 3682 quibus

161 3703 227 3766 fere
243 3703 336 3768 tertia
351 3726 424 3793 pars
438 3702 607 3768 constabat
622 3700 845 3767 Alexandrina
861 3700 978 3791 plebis,
1002 3718 1109 3767 actum
1129 3723 1197 3767 esse
1215 3701 1277 3768 sibi

160 3807 318 3899 fingerent
330 3808 370 3873 de
387 3809 634 3873 Ptolemaeorum
651 3807 761 3898 stirpe,
779 3806 820 3872 de
834 3808 1027 3898 AEgyptiaeo
1042 3831 1156 3898 regno,
1176 3806 1279 3899 deque

158 3913 236 4004 ipsis
253 3913 481 4004 AEgyptiorum
497 3913 594 3978 sacris
609 3912 810 4000 (testimonia
826 3913 1032 3980 conserantur
1054 3913 1174 3979 ibidem
1189 3938 1206 3979 u
1225 3938 1278 3980 me

159 4019 300 4111 prolata)
321 4048 328 4086 :
347 4021 472 4085 nullum
485 4018 581 4110 igitur
597 4042 737 4110 unquam
751 4019 868 4086 Judaeis
887 4022 991 4109 aptius
1010 4018 1070 4085 suit
1087 4038 1214 4112 tempus
1237 4021 1275 4088 ad

160 4127 381 4194 somniandam
395 4145 428 4192 et
440 4126 474 4191 in
485 4126 633 4218 proximo
644 4127 835 4216 sperandam
848 4127 951 4217 gentis
964 4151 1027 4194 sum
1039 4129 1277 4193 renovationem

161 4256 234 4299 cum
248 4232 404 4323 promissa
421 4233 482 4299 sub
499 4233 624 4298 Messiae
635 4255 735 4322 regno
747 4232 911 4299 felicitate.
928 4234 1055 4316 Quibus
1068 4231 1200 4298 somniis
1212 4248 1277 4297 tam

160 4341 262 4429 plenae
278 4354 352 4405 sunt
368 4338 443 4424 illae,
459 4361 536 4428 quas
553 4336 702 4423 diximus,
720 4339 805 4404 tertii
828 4338 903 4404 libri
925 4356 1043 4429 partes,
1066 4356 1177 4431 quartu
1200 4363 1278 4405 vero

161 4444 349 4534 presertim,
375 4459 412 4509 ut
429 4460 525 4534 poeta
549 4466 616 4509 non
633 4441 719 4510 aliud
747 4444 808 4509 sibi
829 4461 1053 4534 argumentum
1075 4444 1280 4535 proposuisse

162 4550 317 4617 videatur.
329 4551 431 4617 Porro
444 4571 517 4640 spes
531 4548 606 4630 illae,
623 4566 692 4616 tum
702 4548 903 4640 potissimum
915 4568 1091 4642 concepte,
1106 4550 1280 4641 tandiuque
