3186 5310
475 434 755 498 SIBYLLINORUM
776 434 848 498 blB.
869 434 894 495 Ι.
1208 434 1247 495 35

108 640 115 659 .
216 568 361 656 Totaque
375 591 454 658 gens
468 569 636 634 hominum
654 593 662 636 :
680 593 737 634 vos
751 568 805 633 illa
821 565 984 634 ululabitis
999 567 1091 634 hora.

216 675 356 765 Tempus
373 676 444 760 erit,
467 700 567 765 quum
583 676 613 741 vi
629 677 735 742 subita
747 674 932 741 turbabitur
948 699 1013 760 aer,

133 782 191 846 165
216 784 264 846 De
278 782 419 871 caeloque
435 800 567 874 repente
583 783 644 848 Dei
656 807 714 849 vos
730 782 891 872 opprimet
907 783 966 847 ira.

217 890 356 979 Tempus
374 892 444 970 erit,
461 891 568 981 magni
581 915 681 981 quum
695 891 844 956 Numinis
858 890 939 956 ultio
954 912 1092 980 praesens

215 996 329 1061 Saeviet
343 997 375 1060 in
391 1015 502 1076 terras,
517 999 577 1063 nisi
592 1023 649 1063 vos
664 996 834 1087 placabitis
856 997 945 1062 illam

214 1103 339 1168 Mutata
351 1104 423 1169 vitae
436 1107 568 1191 jamjam
586 1105 721 1188 ratione,
739 1129 841 1195 neque
856 1105 913 1169 ulli

216 1212 303 1275 Inter
316 1235 372 1276 vos
386 1213 522 1302 posthac
534 1212 579 1277 vis
590 1230 646 1279 aut
661 1213 774 1301 injuria
793 1213 859 1290 fiat,

133 1339 192 1404 170
216 1316 332 1383 Sancta
348 1318 404 1383 sed
418 1343 436 1383 a
453 1320 575 1385 cunctis
589 1319 716 1409 pietatis
724 1323 793 1406 jura
806 1319 964 1385 colantur.

259 1428 309 1491 Sic
324 1425 369 1490 ait
384 1453 392 1489 ι
408 1443 456 1491 ast
468 1426 514 1492 illi
529 1426 645 1493 frustra
661 1427 767 1492 ridere
782 1442 982 1506 monentem,

216 1533 431 1623 lnsanumque
443 1533 546 1599 virum
561 1535 845 1625 dementatumque
861 1557 986 1600 vocare.

216 1640 307 1704 Tunc
322 1639 438 1705 iterum
452 1641 530 1706 tales
543 1639 659 1707 effudit
673 1642 745 1708 Noe
761 1641 905 1731 loquelas
924 1667 932 1706 t

260 1747 289 1810 Ο
303 1745 422 1826 miseri,
442 1772 628 1837 perversum
642 1751 756 1815 animis
771 1766 804 1814 et
818 1748 910 1814 futile
925 1748 1051 1838 vulgus,

134 1853 194 1940 175
218 1853 279 1917 Fas
293 1877 389 1918 omne
407 1872 440 1919 et
453 1873 598 1922 sanctum
610 1856 696 1922 soliti
710 1856 832 1922 violare
847 1856 1020 1946 pudorem,

215 1961 373 2050 Raptores
387 1963 529 2040 violenti,
549 1963 787 2053 importunique
803 1963 943 2052 tyranni,

213 2066 397 2150 Mendaces,
413 2093 545 2157 peccare
559 2070 654 2150 avidi,
673 2072 740 2136 sine
756 2073 827 2158 jure
844 2069 957 2147 fideve,

215 2173 314 2239 Proui
330 2175 361 2239 in
376 2175 581 2254 adulterium,
598 2176 676 2241 falsa
691 2177 929 2285 et'blaspbema
943 2176 1123 2265 loquentes,

216 2279 270 2345 Nil
287 2283 496 2348 formidantes
511 2283 650 2373 supremi
665 2284 813 2352 Numinis
827 2284 921 2363 iram,

131 2386 192 2451 180
215 2390 296 2471 Quae
312 2412 368 2453 vos
384 2389 424 2454 ad
439 2390 543 2480 quinti
560 2393 745 2481 poenasjam
763 2390 900 2457 destinat
910 2390 979 2459 tevi.

214 2493 288 2559 Non
301 2494 394 2574 fletis,
411 2497 495 2576 duri,
515 2497 682 2562 intervos!
698 2496 821 2576 ridetis,
840 2498 958 2588 ineptil

215 2600 408 2668 Sardonium
422 2603 520 2669 risum
535 2603 696 2685 ridebitis,
708 2604 841 2670 horrida
860 2603 990 2695 quando

215 2707 274 2773 Illa
288 2732 401 2799 repens
413 2709 514 2776 effusa
528 2727 601 2776 ruet
614 2710 765 2778 divinitus
781 2711 880 2793 unda,

118 2813 121 2819 ’
212 2817 249 2880 ln
260 2817 418 2907 terrisque
432 2840 556 2883 sacram
569 2821 772 2884 renovabunt
786 2841 914 2908 aequora
929 2834 1057 2908 gentem

39 2979 48 2997 ,
127 2920 187 2986 185
213 2922 397 2988 Florentem
412 2941 566 2990 aeternum
577 2922 740 2990 radicibus
752 2923 961 3014 incorruptis,

213 3032 293 3113 Quae
306 3031 435 3120 penitus
449 3031 553 3097 noctis
566 3030 670 3121 spatio
684 3030 849 3099 delebitur
862 3055 941 3111 uno,

211 3139 356 3225 Cumque
371 3137 447 3202 viris
458 3139 555 3203 urbes
568 3136 640 3203 imis
653 3138 768 3203 evellet
779 3138 822 3204 ab
838 3136 938 3203 antris

212 3244 383 3308 Terrarum
398 3267 573 3310 concussor
591 3261 624 3309 et
636 3244 736 3311 ardua
751 3244 866 3309 moenia
882 3258 1024 3331 rumpet.

213 3350 255 3413 Et
266 3366 342 3415 tunc
357 3372 452 3415 omne
466 3350 564 3416 decus
580 3350 704 3436 mundi,
721 3349 892 3440 cunctique
908 3350 1062 3440 peribunt

129 3477 190 3543 190
213 3455 381 3521 Mortales.
393 3459 438 3521 At
451 3479 524 3546 ego,
541 3456 621 3523 beul
636 3474 790 3547 quantum
799 3456 1033 3546 lacrimansque
1044 3475 1250 3543 gemensque,

214 3563 360 3628 Inclusus
373 3563 473 3652 ligno,
487 3563 630 3629 miscebo
645 3562 772 3630 fletibus
789 3568 915 3654 aequor!

215 3669 286 3749 Illa,
301 3670 446 3761 iuquam,
459 3669 607 3737 mittente
622 3673 705 3759 Deo,
722 3695 822 3762 quum
836 3670 959 3738 venerit
974 3670 1071 3750 unda,

214 3777 314 3843 Nabit
325 3778 455 3863 humus,
468 3779 593 3845 nabunt
608 3796 747 3858 montes,
764 3780 876 3846 eaelum
891 3801 1020 3868 quoque
1031 3774 1139 3856 nabit;

215 3884 331 3950 Omnia
348 3903 466 3975 pontus
483 3902 588 3970 erunt,
606 3886 783 3977 perdentur
799 3903 832 3951 et
851 3884 959 3952 omnia
977 3902 1092 3974 ponto.

131 3990 190 4075 195
216 3993 301 4057 Turn
314 3993 400 4057 venti
414 3994 537 4076 sistent,
554 4010 651 4083 atque
665 4011 739 4061 aetas
755 3994 856 4060 altera
870 4009 990 4082 surget.

165 4180 221 4229 181.
240 4179 282 4230 Sic
301 4179 372 4241 iufra,
395 4183 454 4239 399,
481 4179 583 4240 ἀλλήλας
604 4182 677 4232 alcal-
748 4185 803 4233 185.
824 4180 1050 4247 Cfr.supra‚132.

131 4271 226 4306 σουσιν.
749 4264 805 4311 186.
824 4258 911 4309 lleliua
932 4258 1057 4322 111,tot,
1078 4255 1261 4322 αὐτόπριμνον.

166 4335 221 4383 tat.
240 4332 276 4382 Ex
290 4332 343 4393 vll,
361 4336 384 4383 l.
714 4336 808 4386 Deinde
821 4334 892 4384 codd.
909 4349 994 4383 omnes
1007 4329 1121 4397 copulam
1133 4330 1154 4378 δ’
1168 4328 1263 4380 omitte·

166 4413 222 4468 tul,
237 4425 291 4475 sqq.
308 4409 421 4476 Quinque
430 4424 513 4459 versus
522 4424 552 4460 cx
563 4408 606 4470 lll,
619 4414 677 4469 108,
714 4412 788 4462 baut:
804 4426 848 4461 nos
859 4408 915 4458 add.

129 4498 193 4549 sqq,
207 4485 379 4536 sedmalelruc
390 4486 453 4536 illati
462 4494 487 4537 et
497 4485 585 4536 misem
595 4485 680 4553 depra·
751 4491 814 4545 192,
832 4502 885 4552 sqq.
904 4483 1003 4552 Septem
1018 4498 1101 4533 versus
1113 4498 1143 4532 ex
1157 4479 1216 4540 Vll,
1235 4483 1260 4538 1,

131 4559 180 4610 teti
194 4576 200 4609 :
214 4560 271 4611 ride
281 4560 317 4611 ibi
330 4571 383 4612 not.
714 4578 768 4629 sqq.
786 4571 810 4612 et
821 4562 867 4612 cfr.
879 4576 961 4627 supra,
980 4562 1034 4611 188.
