3186 5310
582 379 864 442 slntatmottttu
886 371 957 440 tin.
981 376 1030 437 lV.
1303 376 1357 435 itt

331 514 473 580 Mascula
489 537 549 578 nec
563 513 647 603 turpi
662 513 870 578 maculabunt
883 531 1020 600 corpora
1038 491 1137 573 tactu.

264 621 307 687 35
332 622 393 687 Sed
409 639 516 686 tamen
531 621 580 685 his
596 644 766 709 moresque
780 620 851 709 pios
864 621 1001 706 vitaeque
1014 633 1162 680 tenorem

330 727 403 793 Non
419 728 527 792 decori
541 744 595 791 aut
610 726 694 792 laudi
705 743 841 805 vertent,
856 724 973 814 quibus
985 722 1133 811 improba
1146 742 1237 784 mens
1247 736 1314 783 est:

331 833 418 916 Quin
432 833 579 897 homines
593 849 719 897 sanctos
732 832 797 896 risu
812 831 1002 920 probrisque
1018 829 1172 892 lacessent
1184 852 1192 900 ;

329 939 468 1004 Crimina
479 939 526 1003 nil
540 939 673 1018 meritis,
690 939 786 1003 etiam
801 962 857 1002 sua
873 937 1005 1001 crimina
1020 935 1109 1025 pravi

329 1044 504 1134 Affiugent,
519 1045 639 1110 fuerint
652 1045 711 1134 ipsi
725 1069 796 1134 quae
808 1045 943 1133 turpiter
961 1042 1041 1108 ausi.

262 1158 305 1231 do
328 1152 412 1217 Nam
426 1152 500 1216 fidei
513 1151 602 1215 durae
615 1167 664 1215 est
674 1150 842 1215 bominum
856 1172 968 1238 genus.
982 1151 1039 1212 Ast
1050 1146 1105 1212 ubi
1120 1146 1249 1211 tandem

326 1259 490 1327 iudicium
505 1258 626 1322 mundo
641 1281 825 1346 supremum
840 1256 976 1336 venerit,
991 1254 1061 1344 ipso

328 1365 537 1429 Discernente
552 1365 621 1427 Deo
632 1366 736 1449 justos
750 1380 782 1427 et
795 1363 866 1450 lege
881 1377 1038 1439 carentes,

328 1471 428 1560 Impia
447 1486 515 1535 tum
529 1469 660 1533 soboles
673 1459 816 1534 tenebris
828 1467 980 1532 reddetur
994 1466 1114 1555 opacis,

327 1580 523 1668 Discentqne
539 1578 641 1642 insani
655 1601 753 1666 qnam
767 1576 851 1642 foeda
865 1594 897 1641 et
908 1574 978 1639 dira
993 1574 1160 1664 patrarint.

260 1687 303 1764 45
326 1689 426 1751 Terra
442 1702 548 1749 autem
566 1684 702 1749 fecunda
717 1683 776 1772 piis
787 1682 960 1747 habitanda
977 1681 1138 1762 manebit,

325 1795 429 1857 Dante
444 1794 514 1856 Deo
528 1789 640 1866 llatum
654 1808 686 1856 et
699 1790 810 1869 vitam,
826 1813 923 1878 quam
938 1805 1047 1852 sancta
1062 1787 1171 1853 beabit

328 1897 449 1963 Gratia.
470 1895 535 1965 Sed
549 1897 709 1961 decimum
724 1913 798 1961 sunt
814 1896 881 1960 haee
895 1895 1056 1984 implenda
1071 1897 1130 1960 sub
1145 1918 1259 1983 aevum

326 2007 420 2070 Nunc
434 2027 550 2092 genere
566 2027 583 2067 a
597 2004 703 2092 primo
718 2027 788 2092 quae
802 2003 865 2068 sint
879 2019 1024 2084 ventura,
1040 2002 1215 2066 recludam.

371 2112 531 2203 Principio
545 2112 667 2200 Assyrii
682 2112 821 2201 populos
834 2134 968 2199 regnare
982 2134 1041 2200 per
1055 2133 1167 2174 omnes

263 2219 304 2284 5ο
328 2219 497 2307 Incipient,
512 2218 660 2307 senisque
676 2233 788 2306 regent
801 2217 946 2280 aetatibus
960 2216 1092 2296 orbem,

327 2329 372 2391 Ex
391 2350 470 2414 que,
485 2325 622 2390 terribili
638 2340 838 2389 commotum
852 2321 1001 2386 Numinis
1014 2320 1079 2400 ira,

326 2436 487 2498 Terrenus
501 2448 620 2496 tractus
636 2433 796 2519 urbesque
811 2429 1021 2516 hominesque
1035 2427 1206 2518 profundis

326 2541 445 2605 Obruit
459 2563 569 2628 sequor
583 2537 687 2626 aquis,
704 2523 736 2601 et
747 2535 867 2600 diluvio
882 2535 989 2599 omnia
1004 2534 1125 2599 mersit.

371 2648 462 2728 Quos
475 2643 565 2710 Medi
579 2644 694 2708 tollent
707 2640 835 2721 tumidi,
849 2640 1055 2728 geminasque
1069 2642 1226 2705 tenebunt

263 2752 303 2817 55
328 2754 461 2841 Sceptra
477 2775 535 2841 per
549 2767 669 2815 aetates.
691 2751 731 2813 Et
745 2747 807 2812 erit
820 2745 1060 2811 dominantibus
1074 2745 1137 2811 illis

220 2922 223 2927 .
325 2861 398 2926 Nox
413 2859 585 2948 aliquando
600 2860 652 2923 die
665 2856 774 2922 medio
789 2856 972 2935 tenebrosa,
989 2854 1148 2943 simulque

324 2965 436 3033 Sidera
451 2965 601 3031 deficient
615 2965 706 3046 oaelo,
722 2964 867 3051 lunaeque
882 2961 995 3026 latebit

324 3071 434 3154 Orbis,
454 3090 486 3136 et
499 3072 618 3160 ingenti
632 3072 727 3136 tellus
743 3091 899 3132 concussa
913 3084 1054 3131 tremore

321 3179 426 3243 Urbes
440 3193 560 3242 evertet
574 3176 689 3240 multas
703 3175 935 3261 bominumque
949 3173 1090 3253 labores,

257 3292 302 3354 sso
325 3288 563 3374 Emergentque
578 3282 676 3349 maris
689 3282 790 3347 fundo
805 3297 882 3350 tunc
899 3281 1008 3345 insulae
1022 3280 1063 3343 ab
1077 3280 1143 3344 imo

269 3517 309 3565 tt.
328 3512 397 3563 lact.
411 3516 484 3564 ὅσσοι
501 3513 522 3562 δ’
536 3509 780 3569 consistimus
847 3518 888 3565 52.
913 3513 989 3564 codd.
1017 3513 1117 3578 quidam
1147 3514 1227 3566 ionice
1257 3517 1357 3578 αὐτῇσι.

232 3588 386 3648 (demetat
399 3589 478 3653 seiae·
812 3589 905 3639 Deinde
918 3590 985 3639 lact.
1001 3589 1075 3640 habet
1088 3591 1208 3642 πολίεσσι.
1311 3578 1317 3593 ’

270 3667 311 3716 ia.
331 3664 397 3715 beet.
412 3666 484 3731 τιμὴν
499 3663 552 3728 ἅμα
563 3663 605 3713 καὶ
616 3662 668 3727 βίον
686 3659 782 3719 elicit»
848 3669 889 3716 54.
914 3664 1019 3714 Difficile
1035 3675 1072 3716 est
1093 3665 1240 3733 Sibylliuam
1258 3683 1358 3733 genera·

230 3748 262 3790 et
274 3738 309 3790 sie
322 3738 381 3789 olim
397 3739 468 3789 codd.
487 3748 513 3788 et
526 3738 594 3798 edd.,
613 3737 707 3804 ipsique
722 3751 781 3793 uos,
813 3739 909 3790 tionum
922 3739 1121 3807 supputationem
1134 3740 1176 3791 hie
1192 3742 1299 3810 assequi3
1316 3744 1358 3794 sed

236 3814 290 3881 βίον
306 3831 352 3881 pro
366 3814 436 3880 χάριν
451 3831 457 3863 :
470 3815 512 3863 sed
526 3830 583 3863 nov.
602 3813 673 3864 codd.
692 3821 719 3861 ut
738 3825 782 3860 110⁵
812 3824 837 3866 et
848 3814 940 3881 ubique
951 3814 1049 3865 difficile
1064 3831 1070 3865 ε
1085 3815 1139 3866 vide
1152 3827 1202 3866 not

234 3888 319 3949 hodie,
330 3899 355 3940 et
369 3889 415 3939 clr.
428 3888 502 3946 intra,
519 3893 576 3940 1⁸9.
592 3888 685 3938 Ductus
699 3894 782 3953 aperte
847 3894 887 3941 55.
907 3889 968 3940 Novi
982 3890 1053 3939 codd.
1066 3891 1091 3947 t<
1102 3893 1188 3955 γενεὰς
1198 3890 1243 3945 δύο
1254 3893 1358 3957 μούνας.

234 3963 304 4014 locus
323 3981 353 4014 ex
367 3964 421 4014 Act.
442 3964 527 4030 Apost.
547 3980 602 4030 cap.
621 3967 661 4026 lt,
684 3978 708 4012 v.
724 3965 754 4012 27
772 3978 778 4008 ε
812 3964 905 4015 Deinde
920 3981 951 4014 an
966 3965 1048 4031 potius
1061 3964 1099 4030 lp'
1111 3959 1145 4016 ὧν
1159 3966 1230 4032 legas,
1243 3968 1360 4019 suadente

234 4039 472 4095 Δύτὸςδιδοὺςπᾶσι
479 4041 543 4099 ζωὴν
552 4040 594 4089 καὶ
601 4037 672 4098 νοῦν,
682 4055 707 4086 tt.
717 4054 739 4086 τ.
746 4040 780 4095 l„
813 4039 866 4089 viro
878 4040 969 4090 docto?

235 4115 302 4180 quod
313 4114 448 4164 notandum
456 4115 487 4163 ad
494 4113 645 4164 asserendam
655 4113 783 4178 utriusque
848 4119 889 4179 56,
898 4131 933 4179 sq.
950 4113 1052 4165 Videtur
1060 4114 1105 4165 bos
1112 4131 1194 4165 versus
1201 4116 1292 4166 referre
1300 4117 1359 4169 Nos-

235 4184 294 4238 libri
303 4199 406 4239 etatem
814 4199 851 4240 ter
862 4191 893 4240 ad
902 4189 1008 4240 Thaletis
1019 4190 1128 4256 eclipsim
1140 4191 1203 4256 apud
1217 4202 1308 4242 veteres
1321 4210 1359 4243 ec-

271 4267 312 4314 ⁵1.
340 4264 417 4314 Codd.
434 4263 537 4330 ,quidam
551 4273 652 4322 veteres,
673 4264 781 4329 ἀπουρα-
813 4265 997 4316 lebratissimam
1008 4280 1015 4315 ι
1027 4265 1168 4331 sequeutia,
1189 4267 1246 4317 licet
1258 4267 1359 4318 fortasse

233 4338 317 4400 ulcio,
330 4348 358 4389 nt
369 4338 444 4404 iulra,
454 4343 510 4404 132,
519 4350 544 4390 et
553 4340 584 4399 ll,
595 4344 653 4391 285.
670 4342 782 4391 Ceterum
813 4356 879 4402 sera,
894 4341 966 4389 addet
980 4357 1010 4389 ex
1023 4338 1128 4406 iugenio.

235 4412 388 4464 buuemduo
397 4430 460 4481 sqq..
470 4419 554 4475 51-5a
563 4415 622 4466 citat
628 4416 696 4466 boet.
704 4416 734 4466 de
743 4416 781 4467 lra
847 4418 889 4466 bl.
908 4416 977 4465 Hunc
989 4415 1104 4465 omittunt
1116 4416 1175 4466 novi
1189 4416 1260 4467 codd.

232 4486 291 4547 net,
299 4505 354 4554 cap.
364 4493 404 4550 23,
412 4489 530 4541 uihillere
537 4491 782 4556 secedensavulgata.
849 4492 889 4540 59.
909 4489 972 4540 otim
985 4492 1106 4556 πρηνίίσιε
1119 4493 1209 4548 πόλεις.
