3186 5310
578 427 859 491 smrnunnnuu
879 429 950 490 utu.
972 429 1008 491 v.
1185 400 1187 404 ’
1299 428 1355 488 rso

325 560 436 625 Nescis
448 561 526 648 quid
542 561 643 650 possit
659 563 758 643 Deus,
776 579 807 626 et
824 561 902 651 quid
916 563 1047 650 cogitet,
1064 577 1160 650 atque
1176 588 1184 625 ι

322 667 395 730 Sola
412 691 472 755 ego
487 691 570 749 sum,
588 667 679 750 dicis,
697 692 763 732 non
779 693 851 733 sum
864 668 1053 757 superabilis
1068 666 1137 733 ulti.

211 822 215 827 -
322 773 385 838 Sed
404 776 489 838 Deus
505 784 641 839 oete'rnus
656 774 820 864 disperdet
837 791 932 863 teque
949 792 1095 862 tuosque,

321 880 388 943 Nec
402 880 495 943 terris
512 895 719 943 monumenta
733 880 777 944 tui
794 905 889 969 super
907 879 971 944 ulla
988 881 1177 960 manebunt,

239 983 296 1072 175
322 985 434 1068 Qualia
447 1003 526 1062 tum,
546 1009 677 1074 magnos
691 986 749 1051 tibi
766 1010 864 1075 quum
880 988 965 1051 Deus
979 986 1067 1050 auxit
1083 986 1235 1050 honores.

323 1092 408 1173 Sola,
426 1093 569 1174 scelesta,
584 1117 690 1172 mane,
708 1094 890 1182 rapidisque
903 1093 1040 1157 exercita
1056 1091 1203 1171 llammis,

322 1200 489 1263 'l'urtareas
502 1199 611 1263 habita
628 1198 720 1265 sedes
736 1199 914 1264 inamabilis
927 1198 1015 1263 Orci.

367 1306 472 1386 Nunc,
490 1305 642 1394 AEgypte,
659 1321 731 1371 tuos
750 1305 864 1370 iterum
881 1306 998 1392 lugebo
1017 1304 1156 1368 dolores.

328 1409 481 1498 Memphi,
499 1411 698 1498 querelarum
716 1411 835 1501 primas
851 1436 921 1499 age,
940 1412 1036 1501 plena
1050 1409 1215 1500 sepulcris.

239 1517 299 1579 180
323 1518 358 1580 In
373 1534 403 1580 te
417 1516 602 1607 Pyramides
620 1542 734 1582 vocem
750 1535 782 1582 et
799 1517 940 1582 convicia
955 1518 1085 1580 tollent:

324 1623 460 1711 Python,
475 1624 552 1688 urbs
565 1624 727 1711 quondam
744 1624 863 1711 duplex
880 1622 1070 1712 cognomine
1084 1622 1181 1703 dicta,

323 1731 462 1817 Tempus
478 1728 510 1792 in
525 1753 620 1793 omne
637 1730 707 1813 sile,
727 1747 760 1794 et
771 1731 927 1795 scelerum
941 1728 981 1794 sit
991 1734 1055 1815 jam
1074 1729 1132 1793 tibi
1146 1728 1229 1794 finis.

322 1836 396 1898 Feta
414 1835 505 1900 malis
516 1853 611 1924 atque
629 1836 824 1926 opprobriiS,
845 1837 992 1901 thesaure
1010 1836 1172 1918 dolorum,

322 1942 441 2005 Maenas
457 1944 583 2024 acerba,
598 1961 721 2008 scatens
734 1943 886 2025 lacrimis,
900 1942 994 2006 vidua
1007 1965 1107 2029 usque
1125 1939 1252 2006 sedebis

238 2046 297 2111 185
323 2048 363 2111 Et
377 2046 466 2112 senio
483 2073 641 2131 marcens,
657 2051 769 2113 orbem
788 2073 859 2138 quae
875 2049 941 2113 sola
960 2049 1104 2136 regebas.

366 2153 528 2242 Squalenti
545 2155 600 2219 sed
614 2156 742 2242 quando
757 2155 821 2220 cuti
836 2155 1044 2244 superinduet
1062 2154 1171 2218 albam

323 2262 419 2323 Barca
437 2260 525 2324 ferox
545 2261 671 2342 laenam,
689 2260 789 2324 nolim
806 2278 881 2325 tunc
896 2284 965 2325 esse
983 2276 1155 2350 superstes.

366 2366 490 2447 Thebe,
506 2390 570 2454 quo
587 2384 639 2430 tua
654 2390 739 2431 nuuc
753 2367 923 2431 metuenda
940 2365 1103 2455 potentia?
1117 2363 1236 2430 Perdet

323 2472 417 2536 Dirus
433 2473 531 2537 homo
547 2473 713 2562 populum.
735 2474 784 2537 Tu
801 2472 884 2561 pulla
898 2473 931 2536 in
946 2490 1034 2537 veste
1053 2471 1207 2536 caducam

238 2600 298 2665 190
322 2578 457 2665 Lugebis
470 2596 587 2643 sortem
604 2579 712 2651 infelix
732 2602 740 2645 :
759 2579 876 2668 quippe
893 2578 1000 2643 omnia
1017 2578 1122 2642 solves

324 2683 478 2767 Crimina,
497 2709 566 2774 quae
579 2684 638 2749 tibi
654 2703 728 2750 sunt
741 2685 830 2750 nullo
844 2685 1009 2750 commissa
1028 2684 1165 2773 pudore,

323 2789 546 2879 Aspicientque
560 2807 632 2856 tuos
650 2790 758 2879 populi
774 2806 989 2879 spernentque
1007 2790 1150 2855 dolores.

366 2898 491 2985 Syenen
507 2898 621 2985 perdet
635 2921 769 2985 magnus
786 2897 844 2978 vir,
860 2913 1015 2985 captaque
1033 2895 1120 2961 bello

321 3002 469 3091 Tentyris
483 3003 673 3092 AEthiopum
690 3002 790 3092 nigris
805 3002 1003 3067 habitabitur
1018 3002 1118 3068 Indis.

236 3106 296 3194 195
322 3109 501 3197 Pentapoli,
519 3108 622 3190 llcbis,
638 3107 805 3172 dominum
821 3132 968 3197 perpessa
986 3124 1162 3196 potentem.

320 3215 350 3277 Ο
367 3216 466 3304 Libye
482 3214 661 3295 lacrimosa,
682 3231 753 3277 tuos
769 3237 898 3278 narrare
916 3214 1045 3277 dolores

320 3318 401 3401 Quis
418 3320 530 3409 possit,
547 3320 595 3383 vel
614 3336 656 3397 te,
672 3321 809 3408 Cyrene,
826 3317 902 3383 llere
912 3320 1095 3404 jacentem?

320 3426 506 3514 Nunquam,
526 3426 607 3491 heu!
628 3425 760 3490 desistes
773 3424 935 3488 funestum
950 3426 1100 3513 plangere
1118 3423 1232 3491 fatum.

365 3532 427 3596 Sed
440 3531 538 3597 Gallis
553 3556 631 3596 auro
647 3530 858 3619 locupletibus
873 3547 968 3618 atque
983 3530 1143 3595 Britannis

233 3661 297 3701 nno
321 3639 469 3701 Oceanus
483 3636 554 3703 fuso
569 3636 733 3702 resonabit
749 3636 902 3726 sanguine
920 3636 1053 3726 plenus:

232 3827 282 3878 det.
299 3856 329 3865 -
342 3830 398 3885 191,
415 3843 467 3892 sqq.
481 3827 509 3877 ln
522 3828 672 3879 Britanniam
684 3838 708 3879 et
721 3828 826 3879 Galliam
839 3829 906 3893 quod
922 3844 976 3879 suss
987 3828 1046 3895 ipsse
1057 3844 1157 3894 quoque
1169 3827 1282 3894 legione,
1294 3827 1357 3879 duco

232 3909 394 3963 esPhoenicia
403 3911 513 3976 prolecto
525 3911 708 3978 [Vespasiano].
720 3911 885 3962 adversusilei
893 3912 956 3962 lilios
969 3911 1080 3977 [ludaeos
1091 3911 1355 3979 nempe]miseriot.-

269 4073 324 4121 193.
344 4069 395 4120 lloc
408 4086 506 4135 quoquc
523 4070 553 4120 de
569 4069 732 4135 Antichristo,
748 4080 775 4121 ut
808 4087 872 4121 corr.
888 4080 916 4120 ut
927 4069 959 4120 sit
972 4071 1037 4121 nosti
1049 4070 1210 4137 ριοιιοιήσιι,
1222 4075 1357 4135 pmrsusut

232 4147 342 4200 videtur.
368 4146 410 4211 qui
432 4145 525 4195 scilicet
543 4145 641 4212 lingitur
653 4147 686 4196 ab
708 4145 776 4196 occi·
809 4150 873 4209 ΙΙΙΙΙ,
883 4152 942 4201 999.
958 4149 998 4200 Sic
1009 4149 1083 4199 etism
1094 4148 1140 4212 ΙΙΙ,
1154 4150 1201 4198 tto
1211 4182 1219 4206 ,
1231 4148 1298 4211 ἀλγιῖ
1312 4162 1358 4213 pro

234 4223 307 4273 dente
316 4220 393 4271 redux
404 4237 453 4271 nou
469 4221 496 4270 in
509 4221 564 4271 Asia
573 4232 680 4280 tantum,
703 4223 777 4272 sedet
810 4227 920 4290 ἀλγήσει.
929 4225 964 4274 lle
974 4223 1119 4292 permutatis
1125 4223 1256 4273 verborum
1262 4232 1357 4288 tempo·

233 4298 261 4348 in
273 4297 376 4364 AEgypto
389 4296 522 4346 sortiturus.
810 4299 877 4350 ribus
886 4299 970 4350 confer
978 4300 1037 4352 lixo.
1047 4308 1123 4350 nostr.
1136 4297 1192 4350 vlt.

270 4378 326 4425 191.
345 4372 421 4422 Codd.
435 4371 549 4437 τεύχαριν
561 4390 566 4421 :
578 4390 622 4422 uos
635 4391 701 4424 corr.
846 4379 902 4427 199.
922 4374 970 4426 Alii
984 4374 1056 4425 codd.
1078 4374 1220 4443 βρύπισσι.
1242 4370 1295 4421 Vox
1318 4388 1357 4421 cc·
1443 4420 1448 4429 ,

272 4453 326 4500 its.
345 4448 573 4499 (ΙοιΙιΙαιλαύσεισι
588 4450 780 4509 σόηςιιεΙιιλαύ-
811 4461 891 4501 terum
910 4449 976 4518 apud
995 4449 1143 4517 geographos
1167 4446 1290 4513 incognita
1314 4463 1358 4513 pro

234 4528 274 4577 ’σιι
285 4527 333 4591 γὰρ
347 4524 407 4586 σόη,
421 4532 553 4588 utrumque
566 4524 618 4576 siue
629 4541 699 4576 seusu
715 4543 721 4576 :
737 4541 781 4576 nos
814 4527 968 4594 Βριττάιοις,
979 4547 992 4572 ι
1001 4521 1323 4579 Britannisscttllritonibns
1332 4542 1355 4569 ι,
