3186 5310
235 367 293 424 3tt
736 365 851 426 NOTAE

233 496 264 545 sit
279 504 354 546 statm
370 496 416 546 iste
428 497 565 547 animorum
578 496 642 563 apud
655 496 772 547 Christia-
804 495 870 546 illam
887 511 998 560 quoque3
1022 496 1070 545 sed
1085 494 1143 546 boc
1160 510 1272 546 necesse
1283 504 1335 546 erat
1347 496 1375 546 ab

232 587 276 621 nos
288 571 419 637 praesertim
426 573 583 638 judaizantes,
593 583 630 635 nt,
639 573 676 623 sel
685 582 773 637 quarto
803 581 981 621 sacrosanctum
988 572 1080 637 dogma
1088 573 1123 623 de
1131 565 1375 623 ressurectimeeri.

232 656 257 696 et
266 647 352 711 quinto
363 648 460 709 seculo,
475 648 555 708 multi,
565 647 693 697 llilleuarii
702 649 773 712 vulgo
803 647 850 698 nis.
861 647 947 711 ltaque
955 647 1022 697 sedes
1032 648 1146 699 illorum
1163 647 1197 698 in
1209 647 1330 698 Paradiso
1337 663 1374 714 po·

230 720 299 782 dicti,
313 722 357 772 sub
368 722 458 772 Messias
472 739 545 788 regno
558 723 624 772 mille
638 739 714 773 annos
727 722 772 772 du·
803 722 870 772 nitur
887 721 1002 786 (uerbum
1015 722 1081 786 hoc,
1099 740 1115 774 e
1131 739 1271 791 synagoga
1285 723 1375 774 lom

231 806 314 847 saturo
327 814 415 848 noram
430 807 567 848 terrestrem
579 798 725 849 somniantes
736 797 772 847 ci·
802 799 937 848 recentiore
944 808 1038 858 ortum,
1052 799 1130 850 Novo
1142 799 1375 866 Testamentopso-

231 872 341 935 vitatem,
356 874 472 939 templum
487 873 513 922 in
529 891 556 923 ea
576 874 621 924 sibi
645 874 772 939 lingerent,
803 873 883 938 prium
900 888 929 921 ac
950 873 1077 939 peculiare
1091 877 1154 938 est)
1169 890 1177 924 ε
1190 874 1231 924 ibi
1251 890 1318 941 pane
1333 889 1374 923 cs·

231 956 256 997 et
269 948 345 998 altare
358 949 437 1015 priseo
456 949 548 1010 simile,
567 959 592 999 ct
608 950 773 999 solemnitates
803 948 856 997 lessi
864 958 1001 1008 vescuntur,
1009 949 1090 1013 idest,
1098 948 1374 1016 manns,juatsipsius

231 1023 353 1087 antiquas,
372 1033 397 1073 et
415 1024 537 1090 primitiva
556 1023 673 1075 sacrificia
685 1043 690 1074 :
712 1039 774 1089 quos
804 1022 893 1073 Christi
900 1023 965 1090 apud
972 1023 1092 1075 loannem
1102 1025 1134 1075 in
1145 1025 1312 1092 Apocalypsi
1322 1039 1373 1091 prro·

231 1097 342 1147 homines
362 1115 410 1148 non
426 1099 509 1150 laudat
530 1117 587 1150 sane
603 1100 672 1150 divus
691 1099 774 1152 Hiero-
803 1097 958 1158 missionem,
974 1099 1081 1150 vincenti
1097 1116 1125 1150 se
1141 1101 1275 1150 daturum
1289 1115 1373 1150 mansas

230 1188 325 1239 nymns,
339 1174 433 1224 Comm.
449 1177 474 1224 in
487 1175 541 1225 lsai.
555 1176 660 1241 prolog„
674 1176 716 1226 sed
729 1189 774 1224 nec
803 1172 1150 1238 abscondituszdpvsatbvcs
1158 1177 1243 1227 δώσω
1251 1177 1325 1239 αὐτῷ
1334 1192 1374 1240 ps·

230 1247 303 1298 audet
313 1248 430 1300 haereseos
438 1251 553 1301 damnare
566 1267 653 1317 nempe
664 1251 696 1301 ob
707 1259 773 1300 vete-
803 1250 853 1313 γεῖν
870 1250 919 1300 ἀπὸ
934 1249 979 1300 τοῦ
993 1250 1074 1314 μάννα
1094 1250 1147 1302 τοῦ
1168 1252 1371 1318 κεκρυμμένωε

230 1326 452 1389 rumquorumdam
461 1326 560 1377 Petrum
568 1336 593 1376 et
601 1325 677 1392 ipsius
685 1336 774 1375 sanctae
804 1324 906 1390 apocal.
926 1341 980 1391 cap.
1007 1328 1041 1387 2,
1056 1341 1081 1375 s.
1097 1329 1140 1376 li.
1160 1325 1372 1378 Conleronsnisso

230 1398 406 1467 apocalypseos
423 1401 616 1464 venerationem,
637 1402 716 1451 verbis
739 1399 773 1450 ibi
804 1398 870 1449 hisne
883 1401 1005 1466 epilogum
1018 1400 1137 1451 eumalio
1161 1401 1301 1452 simillimo
1317 1400 1370 1451 libri

231 1476 392 1526 consulendis.
803 1473 844 1534 IV,
864 1479 926 1540 183,
943 1492 1005 1542 sqq,
1026 1474 1069 1526 ubi
1087 1478 1211 1528 mande·
1229 1477 1369 1529 doeeim

264 1552 305 1602 2⁸.
323 1551 449 1611 Quodnam
463 1553 626 1603 illnd'novum
639 1553 722 1603 lumen
733 1567 773 1602 re·
803 1553 942 1617 pariterque
957 1561 1045 1602 nostre
1061 1551 1200 1619 theolegio
1217 1553 1368 1604 concorda

230 1635 304 1691 pente
326 1627 416 1677 mundo
440 1638 568 1692 exortum,
589 1627 636 1677 nisi
658 1629 700 1677 lux
721 1627 774 1693 ipsa
804 1627 916 1694 reperies.

231 1700 372 1766 Evangelii?
386 1702 423 1752 vel
438 1702 485 1752 nisi
495 1702 570 1752 Filius
583 1704 633 1769 ipse
645 1704 697 1766 llei,
711 1704 775 1752 sicut

230 1776 258 1827 in
275 1775 376 1827 loannis
395 1777 520 1841 evangelio
540 1777 639 1840 dicitur,
658 1779 701 1828 lux
723 1778 774 1844 ipse
855 1790 893 1829 sb
911 1789 1114 1830 ramatum
1131 1790 1315 1833 amun.

231 1852 347 1918 preclara
362 1852 501 1903 bominibus
514 1853 647 1920 alinigena?
662 1853 693 1904 Et
704 1863 772 1912 nota,

231 1926 387 1979 nisiomnino
393 1929 573 1994 grammaticam
581 1927 726 1995 dedigneris,
735 1929 774 1978 lu·
838 1929 916 1978 Multa
927 1929 958 1979 de
970 1929 1017 1980 bac
1028 1928 1176 1981 Prolatime
1184 1930 1242 1996 jam
1254 1929 1362 1981 diximus

231 2017 289 2053 men
322 2003 384 2053 illud
406 2004 538 2055 masculirm
558 2020 646 2071 genere
672 2003 699 2053 in
727 2004 775 2055 boc
791 2017 882 2087 'quum
902 2004 928 2053 in
945 2003 1104 2067 discursui,
1120 2020 1179 2071 esp.
1198 2008 1241 2067 lb,
1260 2014 1317 2055 tun
1334 2004 1360 2054 is

231 2093 302 2128 uersu
321 2078 412 2141 elierri,
436 2071 509 2137 οὗτος
525 2080 578 2131 ἰδοὺ
592 2080 710 2131 πάντεσσι
729 2097 775 2130 σα·
806 2076 990 2128 introductione
1006 2080 1038 2129 ad
1052 2078 1185 2145 Sibyllina,
1207 2079 1256 2130 ubi
1276 2079 1358 2131 certi*

233 2155 288 2216 Pit,
310 2163 427 2220 tauquam
446 2153 552 2206 habente
565 2166 636 2221 poeta
650 2155 676 2205 iu
693 2154 776 2204 animo
806 2151 872 2201 simis
882 2153 1031 2219 argumentis
1043 2155 1293 2206 demonstravimus:

232 2228 356 2281 Christum
364 2231 452 2296 ipsum,
462 2247 544 2280 veram
558 2231 637 2281 lucem
647 2245 776 2296 seramque
844 2233 869 2277 1ο
886 2229 1008 2295 Scriptam
1019 2229 1091 2280 luisse
1104 2229 1135 2278 ab
1149 2246 1182 2280 eo
1195 2230 1244 2296 qui
1260 2229 1359 2297 Sibylli·

232 2304 307 2355 sitam
321 2305 457 2356 bominum.
808 2318 852 2352 nos
865 2304 940 2353 libros
957 2315 1028 2355 autea
1041 2304 1164 2370 dispersos
1182 2306 1286 2372 collegit
1298 2315 1325 2356 et
1333 2305 1359 2356 in

266 2385 308 2439 36,
316 2397 369 2447 sqq.
379 2383 407 2433 El
418 2382 445 2431 bl
451 2382 553 2445 γενητὸν
568 2383 631 2439 ὅλως
641 2384 674 2445 μὴ
683 2381 776 2448 pislpe·
808 2377 954 2429 bodiernnm
967 2397 1056 2448 eorpus
1068 2380 1176 2445 redegit;

232 2472 288 2513 ses,
311 2456 376 2506 idern
398 2465 434 2507 est
453 2473 482 2507 ac
503 2473 570 2523 paene
591 2457 677 2507 iisdem
698 2456 778 2507 uerbis
841 2458 869 2504 2⁰
888 2456 1009 2521 Scriptam
1021 2465 1088 2506 sesto
1102 2455 1154 2506 lere
1167 2456 1260 2507 seculo
1275 2466 1356 2523 atqu,

232 2530 336 2597 positum
353 2532 385 2582 ab
405 2533 536 2583 Aristotele
555 2533 720 2599 principium,
747 2533 777 2582 de
809 2538 837 2579 ut
850 2531 956 2591 videtur,
969 2531 1014 2580 sub
1027 2532 1164 2581 lustinisno
1178 2531 1261 2598 imp.;

235 2608 307 2670 Celo,
322 2607 343 2667 l,
359 2611 384 2670 9,
395 2623 449 2673 sqq.
462 2608 554 2659 Audire
567 2618 592 2659 te
606 2608 690 2658 credas
703 2623 778 2657 unam
842 2610 869 2656 3·
887 2607 986 2668 Quaeibi
996 2608 1026 2657 de
1037 2605 1135 2673 sibyllis
1142 2604 1358 2672 earumquelibsis

232 2698 261 2732 ex
278 2681 404 2750 premissis
417 2682 547 2749 syllogismi
564 2683 667 2749 alicujus
680 2683 777 2749 peripa·
808 2681 950 2737 afferuntur,
962 2683 1078 2748 pleraque
1096 2698 1127 2732 es
1148 2682 1298 2747 Lactantio,
1309 2696 1357 2732 nott

234 2758 311 2808 tetici.
335 2757 391 2807 Non
403 2758 478 2822 igitur
487 2759 540 2808 sine
551 2775 624 2808 causa
640 2756 777 2807 notavimus
807 2756 915 2815 aliunde,
931 2774 982 2808 csse
995 2758 1135 2824 desumpta;

231 2831 260 2882 in
271 2832 453 2883 introductione
465 2834 497 2882 ad
505 2832 624 2897 Sibyllina
631 2832 778 2883 Praemium
842 2836 869 2882 4⁰
887 2832 942 2883 Non
957 2834 1044 2900 ipsam,
1064 2844 1093 2884 ut
1110 2833 1224 2899 plerique
1241 2834 1354 2894 credunt,

234 2906 297 2965 boc,
317 2923 415 2974 prorsus
431 2917 460 2958 ut
474 2918 603 2973 cogitatum
620 2907 666 2974 ipsi
688 2908 778 2957 librum
808 2924 838 2958 es
852 2907 936 2968 Suida,
951 2910 993 2958 sed
1007 2908 1106 2959 Suidam
1116 2926 1148 2959 es
1165 2909 1220 2975 ejus
1232 2909 1306 2960 lonte
1316 2924 1356 2959 sss

234 2982 467 3049 vltt,sa,atiquid
478 2982 673 3051 philosophicum
689 2992 714 3034 et
727 2983 777 3034 dis·
808 2983 927 3039 hansisse,
948 2984 1012 3034 sicut
1026 2983 1186 3034 Scholiastam
1199 2984 1313 3035 Platonis
1326 2982 1356 3034 ΙΙ
1397 2987 1406 3000 “

234 3058 348 3111 lenticum
357 3059 473 3109 redolere.
808 3058 914 3116 Plredr„
923 3069 948 3109 et
957 3060 1082 3123 Plotium,
1094 3069 1118 3110 et
1127 3059 1286 3126 alios,quise
1294 3058 1355 3111 insi·

268 3139 314 3194 81,
327 3151 381 3201 sqq.
394 3135 448 3184 Non
464 3135 545 3184 minsas
562 3150 637 3199 quam
650 3134 777 3185 exordium
807 3150 860 3184 cem
870 3135 901 3184 dc
912 3152 941 3185 eo
954 3142 1096 3201 argumento
1107 3135 1308 3201 exscripsersm13

234 3209 307 3275 bujus
330 3210 459 3272 carminis,
486 3208 528 3260 hic
550 3226 649 3275 quoque
669 3209 777 3276 epilogus
841 3215 869 3261 5⁰
887 3210 1015 3276 Propriam
1026 3209 1084 3260 huic
1098 3208 1241 3260 Praelationi
1259 3226 1356 3261 essen·

232 3284 371 3335 christiane
390 3302 418 3335 sc
431 3301 497 3335 mere
510 3285 649 3335 orthodoxe
661 3285 776 3336 doctrinae
808 3285 864 3334 dem
883 3302 933 3334 non
946 3295 974 3336 ut
992 3285 1111 3335 hactenus
1127 3295 1185 3335 sete
1207 3285 1356 3336 Promissis

233 3358 303 3410 nobis
315 3360 455 3411 manifestus
467 3370 511 3411 est.
528 3359 615 3410 Purior
634 3370 700 3411 certe
712 3362 776 3410 mul·
808 3359 964 3426 sibyllinum,
978 3360 1356 3423 sed,ntinoscurasimus,auts
1423 3384 1426 3389 ·

233 3435 264 3487 tis
277 3445 337 3487 tunc
357 3453 370 3485 e
387 3436 485 3500 judaico
500 3434 566 3485 sonte
583 3437 737 3487 manantibus
752 3446 777 3487 et
806 3435 884 3485 libros
899 3437 909 3486 l
927 3444 951 3486 et
964 3436 995 3495 ll,
1010 3437 1099 3501 quibus
1110 3436 1170 3486 olim
1183 3437 1286 3502 praelixa
1296 3437 1355 3495 tuit,

231 3510 259 3561 in
268 3511 320 3576 ipsa
332 3511 452 3561 catholica
465 3510 611 3561 ecclesiasel
623 3511 726 3578 receptis
739 3512 776 3561 vel
808 3521 861 3562 tum
869 3528 945 3577 quum
956 3529 987 3561 ex
998 3512 1120 3561 rariorum
1132 3511 1254 3563 librorum
1262 3512 1356 3563 laciniis

233 3585 341 3637 toleratis
358 3585 521 3652 opinionibus.
541 3585 602 3636 Nam
623 3586 664 3636 bic
679 3587 778 3653 quidem
808 3587 881 3637 selles
899 3587 1065 3652 supradictus
1084 3587 1230 3652 compilator
1248 3587 1357 3639 maort·

231 3662 328 3711 nullum
357 3670 457 3728 apparet
483 3662 650 3711 millenarismi
679 3662 777 3729 proprie
808 3678 982 3729 sacraeeorpus
995 3662 1115 3727 integrum
1127 3663 1258 3714 conlisere.

234 3736 293 3786 dieti
306 3737 445 3801 vestigium
455 3736 549 3785 nullum
558 3735 648 3786 terreni
660 3753 704 3802 per
711 3736 778 3787 mille

233 3828 309 3862 annos
329 3812 396 3877 regui
419 3821 476 3861 ante
496 3811 616 3877 judicium
639 3828 778 3877 supremum
979 3825 1015 3863 so
1033 3824 1137 3865 nisan!
1155 3811 1175 3861 l.

232 3903 276 3937 seu
302 3888 390 3937 ludaeis
413 3887 463 3936 siue
488 3887 601 3939 omnibus
624 3888 695 3952 justis
719 3904 776 3953 pro·

232 3963 315 4022 missi;
338 3962 434 4012 nullum
459 3962 547 4028 prioris
571 3963 657 4028 judieii
676 3962 703 4011 iu
723 3980 777 4028 gra·
845 3966 867 4014 1.
887 3963 1076 4014 Generationusn
1088 3963 1296 4029 computationem
1305 3966 1358 4016 nul·

231 4039 291 4088 tiam
304 4038 411 4104 ipsorum
431 4037 569 4102 excogitati.
593 4037 640 4088 sm
660 4038 777 4089 continuo
808 4039 857 4088 lam
870 4039 981 4089 stabilem
998 4040 1215 4104 delinitamqucex
1231 4039 1358 4107 Sibyllinis

232 4123 286 4180 post
303 4113 422 4179 judicium
441 4130 515 4163 unum
528 4123 601 4178 atque
621 4130 776 4180 supremum,
808 4114 879 4164 educi
896 4131 978 4181 posse,
999 4117 1090 4181 quippe
1106 4116 1137 4165 de
1153 4131 1182 4165 ea
1202 4131 1231 4165 re
1253 4117 1358 4168 minime

231 4189 313 4255 impiis
326 4189 351 4238 in
360 4188 505 4254 supplicium
516 4199 634 4239 eternum
646 4189 775 4254 ablegatis,
809 4189 873 4238 iuter
892 4206 917 4239 se
938 4191 1116 4250 concordibus,
1134 4205 1197 4256 saepe
1217 4189 1245 4240 iss
1267 4191 1359 4242 borum

229 4264 288 4328 justi
310 4262 337 4313 in
364 4264 438 4314 sitam
461 4274 577 4314 aternam
601 4265 775 4332 recipiuntur:
808 4266 943 4315 carminum
967 4265 1115 4316 discussione
1137 4266 1292 4317 observaturi
1316 4284 1359 4317 su·

232 4348 356 4397 aeternam,
376 4339 484 4406 inquam,
504 4356 583 4406 neque
599 4341 777 4391 ulloannorum
808 4357 869 4390 mus.
886 4341 967 4392 Unum
982 4341 1156 4405 decommum,
1170 4342 1285 4393 ultimam
1293 4358 1358 4393 wm-

233 4412 311 4463 limite
337 4414 477 4479 delinitam,
505 4416 616 4482 quamvis
640 4425 777 4468 terrestrem
809 4432 852 4482 per
867 4417 954 4468 haberi
963 4416 1091 4479 decimam,
1111 4418 1313 4484 excepto,immo
1327 4433 1360 4469 ns
