3186 5310
475 407 778 507 ··s1suuuuonuu
798 444 871 510 us.
892 445 933 508 11.

238 575 408 641 Transilias
429 603 438 645 ι
458 577 505 643 fas
520 601 617 644 omne
634 594 719 645 vetat
738 578 964 644 transcendere
979 579 1088 650 linem.

236 682 323 749 Justa
335 707 462 773 parare,
480 686 604 753 lucrum
619 703 685 770 est3
701 685 816 774 injusta
829 687 1008 778 acquirere,
1026 690 1191 757 damnum.

236 790 423 855 Crescentes
435 815 477 856 ne
489 792 561 882 quis
573 793 695 859 fructus
715 792 878 859 violaverit
893 794 972 884 agri.

237 896 367 962 Aduena
382 922 447 963 non
462 899 525 964 alio
541 899 599 965 tibi
616 900 669 984 sit,
686 924 784 990 quam
800 900 890 982 civis,
909 901 1033 967 honore
1053 925 1061 968 :

152 1001 211 1068 105
235 1003 380 1094 Namque
397 1029 510 1071 omnes
522 1011 594 1092 jura
613 1007 744 1099 hospitii
759 1031 885 1074 servare
901 1025 1061 1091 recusant,

237 1113 303 1176 Ceu
318 1112 380 1177 sibi
394 1111 458 1177 sint
473 1113 593 1188 aliena;
612 1114 668 1180 sed
682 1115 800 1206 hospes
814 1131 847 1179 et
861 1114 983 1180 advena
998 1115 1091 1181 vobis

235 1218 349 1284 Nullus
358 1219 432 1302 erit,
446 1219 600 1310 quoniam
611 1221 653 1286 de
662 1220 814 1309 sanguine
824 1221 985 1287 nascimur
999 1246 1078 1305 uno,

234 1325 303 1390 Nec
321 1324 470 1414 cuiquam
492 1351 548 1393 sua
566 1344 651 1392 terra
668 1328 772 1394 solum
794 1327 994 1393 immutabile
1015 1345 1155 1419 praestat.

234 1433 283 1496 Ne
296 1455 377 1522 cupa
394 1432 531 1518 divitias,
546 1458 627 1500 neve
646 1452 721 1526 opta
744 1464 752 1499 :
771 1433 812 1500 sit
824 1433 882 1500 tibi
900 1451 1023 1517 votum,

149 1557 210 1604 110
233 1537 350 1602 Vivere
365 1556 551 1606 contentum
566 1542 676 1631 paucis
687 1545 836 1632 justeque
854 1542 985 1632 paratis.

234 1648 340 1711 Mater
356 1646 486 1712 avaritia
499 1665 547 1714 est
559 1667 750 1715 cunctorum
763 1666 797 1715 et
809 1672 904 1716 causa
919 1648 1089 1718 malorum.

234 1755 284 1818 Ne
297 1754 337 1817 sit
349 1770 435 1819 tanta
455 1755 555 1821 sames
571 1756 640 1821 auri
656 1756 860 1846 argentiquc;
882 1755 1023 1821 subistis

234 1860 363 1951 Quippe
379 1861 456 1928 latet
472 1863 622 1930 scindens
636 1863 784 1930 mortalia
798 1879 930 1954 pectora
949 1864 1083 1931 ferrum.

235 1968 362 2057 Decipit
379 1969 503 2058 argenti
518 1972 670 2038 mortales
684 1971 791 2061 fulgor
805 1989 838 2036 et
851 1969 932 2038 auri.

113 2130 118 2136 .
149 2073 208 2138 115
234 2075 358 2140 Aurum
373 2077 531 2166 pernicies
544 2077 629 2160 vitae,
645 2078 716 2143 fons
729 2077 833 2168 prime
847 2078 1020 2159 malorum,

234 2183 262 2245 Ο
279 2182 400 2248 uanam
415 2208 457 2249 ne
473 2185 516 2251 sis
530 2201 638 2274 gratus
653 2184 841 2250 mortalibus
858 2207 962 2264 error,

232 2290 295 2354 Per
310 2314 407 2379 quem
421 2308 470 2356 tot
484 2316 611 2382 pugnae,
631 2308 680 2357 tot
700 2291 803 2356 caedes
817 2306 913 2380 atque
931 2290 1064 2382 rapinae,

233 2398 275 2461 Et
289 2396 435 2486 patribus
448 2397 515 2463 nati
533 2415 566 2463 et
581 2398 696 2464 fratres
715 2413 790 2463 sunt
802 2398 954 2464 fratribus
971 2399 1099 2466 hostesl

174 2496 178 2502 ⁵
233 2503 320 2569 Nulli
335 2521 428 2570 necte
442 2505 548 2589 dolos,
562 2529 642 2571 neve
657 2503 803 2571 irascaris
818 2504 936 2574 amico.

148 2635 210 2676 120
234 2611 355 2700 Lingua
369 2611 460 2693 alios,
477 2612 556 2679 alios
571 2637 613 2678 ne
628 2630 717 2702 gesta
731 2629 862 2703 pectore
879 2636 1003 2695 sensus,

232 2719 304 2784 Neu
316 2735 363 2801 tu,
379 2720 516 2811 polypus
535 2737 583 2804 ut,
600 2737 703 2786 mutes
721 2744 794 2786 cum
807 2719 883 2785 sede
897 2720 1060 2799 colorem3

236 2826 298 2891 Sed
311 2825 445 2916 simplex
460 2826 586 2911 animis,
603 2827 712 2917 profer
728 2827 911 2915 depectere
929 2850 1052 2893 verum.

235 2934 355 3018 Injuste
367 2933 560 3025 quicumque
576 2935 688 3000 volens
703 2932 792 3015 facit,
805 2933 833 2999 is
849 2934 952 3014 malus
968 2949 1016 2999 est
1032 2933 1099 3012 vir3

234 3040 309 3103 Non
325 3039 381 3120 ita,
400 3040 456 3130 qui
466 3042 580 3107 nolens
597 3041 715 3127 :judex
728 3064 784 3106 sua
800 3039 916 3130 cuique
930 3041 1090 3108 voluntas.

150 3145 210 3211 125
234 3146 302 3210 Nec
313 3145 408 3228 vires,
422 3170 481 3211 nec
496 3170 588 3239 opes,
602 3171 661 3213 nec
673 3148 705 3212 te
720 3146 874 3237 sapientia
889 3146 1000 3211 tollat:

234 3254 324 3316 Unus
339 3252 423 3318 enim
441 3253 566 3344 sapiens
580 3255 668 3320 Deus
684 3270 745 3336 est,
764 3252 929 3341 divesque,
948 3267 1138 3342 potensque.

233 3358 403 3423 Praeteritis
419 3359 486 3424 noli
506 3362 623 3426 frustra
638 3362 803 3425 tabescere
821 3358 970 3425 damnis:

234 3467 318 3532 Nam
332 3465 452 3531 factum
463 3466 617 3532 infectum
630 3465 712 3550 fieri,
729 3489 797 3531 non
808 3463 943 3554 contigit
954 3464 1024 3532 ulli.

234 3571 285 3637 Ad
302 3571 366 3637 vim
381 3596 423 3637 ne
435 3595 588 3663 properes
608 3600 615 3638 :
636 3573 716 3638 iram
732 3593 900 3662 compesce
913 3587 1112 3638 tumentem:

150 3678 211 3745 130
235 3677 363 3768 Quippe
378 3678 428 3743 vel
444 3678 562 3744 invitus
575 3677 720 3745 feriendo
738 3701 821 3769 sape
837 3677 976 3744 necavit.

233 3786 427 3851 Communes
440 3809 532 3852 serva
551 3808 678 3866 sensus3
696 3784 742 3851 nil
758 3781 878 3875 grande
893 3788 1044 3859 feroxve;

181 4027 237 4088 itt,
252 4043 288 4093 sq.
311 4028 403 4079 besum
421 4027 448 4079 hi
467 4029 516 4079 duo
535 4028 662 4096 Phocylidi
681 4047 686 4079 :
721 4029 791 4079 codd.
802 4027 903 4093 κραδίην
910 4026 1002 4078 habent
1011 4025 1063 4076 sine
1070 4025 1143 4078 νόονε
1154 4042 1198 4076 nos
1206 4024 1272 4077 Pho-

144 4103 273 4168 antiquum
287 4113 368 4155 tamen
380 4105 487 4171 sapiunt.
721 4106 827 4171 cylidem
842 4103 975 4168 sequimur.

183 4180 321 4232 tlt-tls.
336 4179 424 4231 Versus
440 4190 546 4246 quatuor
562 4180 688 4247 ePlrocyl.
760 4183 814 4231 121.
834 4182 872 4228 Au
886 4179 972 4229 melius
986 4179 1050 4229 κατὰ
1062 4179 1163 4244 priapos?

146 4255 187 4312 38,
198 4269 252 4322 sqq.
761 4258 816 4306 122.
836 4255 906 4304 Deest
916 4253 1054 4320 Phocylidi.

181 4331 237 4381 119.
257 4331 328 4382 Deest
341 4330 480 4399 phoenici,
494 4330 594 4382 habenti
612 4341 692 4383 umen
760 4333 877 4381 tat-tat.
888 4329 975 4379 Versus
984 4329 1150 4380 novemdecim
1163 4345 1193 4379 ex
1206 4327 1271 4379 Pho·

146 4404 214 4470 prius
236 4405 427 4467 hemistichium,
451 4407 512 4472 μηδὲ
534 4407 622 4465 δόλους
649 4408 692 4473 ῥά·
723 4407 772 4474 cyl.
789 4411 828 4464 15,
845 4420 897 4471 sqq.

38 4470 50 4490 ⁶
146 4497 223 4539 πτιιν,
240 4482 313 4533 initio
325 4484 440 4534 carminis
454 4483 500 4534 sui.
759 4486 815 4534 125.
833 4480 961 4531 amaret
973 4480 1131 4545 ἰπὶπλούτῳ,
1144 4480 1191 4531 nisi
1205 4480 1269 4533 Pbo-

182 4559 245 4617 120,
266 4572 304 4624 sq.
326 4556 427 4627 Phocyl.
453 4562 495 4618 43,
518 4574 555 4625 sq.
578 4557 693 4626 Sibyllini
724 4557 772 4626 cyi.
789 4571 887 4625 quoquc
901 4555 946 4606 ivl.
