3186 5310
563 439 850 504 SIBYLLINORUM
870 441 944 503 LlB.
967 442 1031 503 llll.

247 566 308 633 255
333 570 468 658 Assyriis
484 573 603 660 campis
619 596 702 638 saevo
715 574 802 638 Mars
813 574 944 638 vulnere
957 574 1082 664 perdet.

378 677 420 740 Et
433 693 509 742 ωηο
521 681 592 765 jura
605 678 696 743 dabit
708 678 862 767 regnandi
876 679 1008 744 callidus
1024 696 1103 763 arte,

332 780 415 846 Solis
427 783 469 847 ab
484 807 600 849 occasu
612 784 751 870 veniens,
769 786 817 849 vir
834 801 939 850 mente
953 787 1078 874 capaci,

330 887 468 953 Nomine
487 913 584 978 quem
599 891 684 956 claro
699 890 839 956 notabis
854 891 1025 955 centesima
1040 891 1156 980 signat,

330 995 506 1083 Augurium
523 1018 670 1084 mugnum
688 997 835 1087 imperii!
855 1000 949 1062 Feret
964 997 1101 1087 impiger
1115 996 1167 1060 illc

245 1098 307 1163 260
329 1100 476 1191 Assyrios
490 1118 615 1186 contra,
630 1103 766 1168 collecto
782 1104 914 1186 robore,
935 1104 1068 1178 bellum,

329 1207 507 1297 Omniaque
523 1209 661 1274 arbitriis
675 1227 770 1298 coget
787 1211 901 1300 paicre
914 1211 1088 1298 supremis,

329 1317 412 1378 Ante
429 1314 506 1379 alios
519 1317 629 1380 Romae
646 1317 815 1406 populum,
834 1340 930 1406 quem
945 1316 1083 1381 fortibus
1096 1315 1164 1405 ipse

328 1418 478 1487 Consiliis
492 1439 583 1512 reget
601 1439 634 1487 et
649 1423 762 1488 Martis
776 1439 900 1487 terrore
914 1422 1073 1487 domabit.

329 1526 467 1592 Callidus
481 1528 533 1593 hic
545 1552 688 1618 serpens,
704 1528 791 1594 bello
808 1528 985 1594 indefessus
1001 1546 1034 1593 et
1048 1528 1155 1606 armis,

243 1631 304 1695 265
328 1633 404 1699 Alta
420 1633 525 1699 virum
544 1636 647 1724 capita
663 1634 838 1718 exscindet,
855 1635 1038 1722 multosque
1050 1635 1210 1699 bonorum

329 1740 418 1804 Solus
433 1758 567 1830 propter
581 1765 659 1826 opes
675 1740 780 1819 feriet,
799 1764 859 1805 ceu
873 1740 961 1806 sidus
977 1740 1142 1829 iniquum,

329 1846 495 1935 Raptaque
510 1849 553 1913 ab
570 1871 695 1929 occasu,
714 1865 809 1912 terrae
824 1864 974 1925 vastator,
993 1871 1069 1912 eoas

328 1950 511 2021 Transierct
530 1955 570 2019 ad
585 1970 707 2041 gentes,
725 1976 785 2018 nec
801 1970 911 2043 parcet
925 1952 1093 2018 fraudibus
1106 1952 1193 2017 ullis.

372 2166 481 2248 Quum
496 2189 574 2230 vero
587 2164 713 2252 juvenis
726 2167 832 2229 Caesar
847 2187 955 2229 comes
969 2163 1096 2229 additus
1110 2163 1157 2228 illi

240 2291 303 2355 270
327 2271 496 2360 Regnabit,
515 2272 656 2359 gaudens
673 2271 779 2337 Pellaei
794 2270 925 2335 nomine
939 2271 1034 2360 regis,

328 2379 434 2466 Atque
450 2379 539 2467 apice
557 2377 690 2464 insignis
706 2377 823 2468 primo,
842 2379 898 2466 qui
914 2377 1025 2441 militis
1043 2377 1139 2441 armis

327 2483 525 2565 Succinctus,
540 2485 630 2550 ducis
642 2484 772 2549 insidias
790 2484 1000 2571 fraudemque
1018 2483 1191 2571 malignam

325 2591 511 2654 (lastrorum
527 2590 666 2680 hospitio
683 2588 799 2678 fugict3
822 2605 897 2654 ωηο
915 2589 1031 2678 impius
1049 2590 1142 2673 alter,

325 2696 514 2761 Barbaricos
528 2720 635 2761 mores
653 2696 817 2784 alienaque
833 2719 923 2760 sacra
940 2713 1080 2775 secutus,

239 2800 300 2887 275
324 2802 411 2866 Saevo
428 2804 532 2867 Marte
546 2802 651 2884 cadet,
668 2809 755 2866 ferro
772 2825 939 2890 percussus
954 2818 1061 2881 acuto,

323 2908 532 2996 Membraque
546 2925 605 2996 per
618 2909 705 2973 vicos
722 2907 811 2996 plebi
825 2906 992 2972 laceranda
1008 2908 1179 2997 relinquet.

371 3014 413 3077 Et
425 3030 502 3079 tunc
518 3012 672 3102 incipient
685 3012 1037 3101 Persarum.insurgere
1053 3038 1163 3103 regna,

325 3120 570 3208 Romanumque
587 3119 703 3184 ducem
722 3120 887 3182 Romanus
901 3118 1057 3207 transiget
1073 3119 1169 3185 ensis.

322 3225 406 3289 Tum
420 3225 560 3315 Phrygia
578 3222 729 3289 insolitos
743 3239 850 3288 motus
865 3247 1021 3312 pecorosa
1039 3225 1179 3313 pavebit.

237 3331 301 3394 280
324 3333 380 3395 Vae
395 3330 467 3414 tibi,
485 3330 655 3409 Laodicea,
672 3329 808 3419 tibique,
827 3329 1014 3418 Hierapoli:
1032 3355 1107 3394 nam
1123 3353 1180 3395 vos

234 3480 402 3549 llelagabalus,
414 3482 456 3532 sed
467 3482 539 3550 paulo
551 3482 615 3532 infra
631 3482 792 3547 recursum]
808 3509 841 3518 —
860 3484 919 3545 269,
939 3498 992 3547 sqq.
1006 3483 1145 3533 Alexander
1158 3481 1271 3545 Severus,
1289 3481 1359 3548 cujus

234 3564 307 3616 litera
326 3565 356 3630 A,
371 3581 486 3616 numerus
501 3568 525 3618 l.
538 3595 571 3603 —
584 3568 648 3629 27³,
667 3580 720 3630 sqq.
733 3563 892 3630 llclagabalus
904 3565 981 3631 [male
992 3577 1047 3636 post
1061 3567 1229 3618 Alexandrum
1240 3565 1358 3633 positus]-

234 3678 267 3687 -
290 3653 349 3714 2ἵῖ,
370 3666 423 3716 sqq.
443 3650 567 3700 Novomm
582 3649 726 3707 Persarum,
747 3646 772 3696 id
791 3656 843 3710 est,
862 3647 1044 3702 Sassanidamm
1060 3652 1139 3704 initia.
1154 3678 1185 3687 -

267 3773 325 3821 275.
344 3769 379 3819 lu
390 3786 473 3836 supra,
485 3773 541 3828 249,
554 3779 578 3819 et
590 3769 686 3836 passim.
812 3776 838 3816 et
858 3770 943 3836 utique
962 3771 1115 3822 referendum
1134 3770 1182 3820 hoc
1203 3769 1233 3819 ad
1254 3768 1360 3819 Alexan·

267 3847 324 3896 276·
343 3845 457 3896 (Md-111
470 3845 519 3894 fine
530 3847 716 3906 itssssnlitoerm:
732 3840 778 3891 cir.
812 3848 884 3897 drum
897 3849 1014 3899 Severum
1025 3848 1130 3915 primum
1142 3862 1156 3896 u
1170 3844 1248 3895 Persis
1257 3845 1359 3910 victum,

234 3923 300 3988 xm,
311 3930 352 3986 29,
362 3934 387 3974 et
395 3923 455 3982 x1v‚
469 3928 525 3974 tut.
538 3922 655 3990 Sibyllina
668 3939 714 3972 vox
725 3936 779 3986 que
812 3923 901 3973 deinde
921 3941 936 3973 a
958 3925 1008 3974 suis
1031 3923 1155 3990 proditum
1176 3922 1333 3987 occisumque
1353 3938 1361 3972 :

233 4000 318 4048 melius
331 4016 361 4048 ex
374 3999 495 4049 indicibus
507 4009 672 4064 cognoscetur.
813 3998 882 4063 cujus
897 4007 977 4048 tamen
990 3997 1095 4063 duplicis
1113 3995 1188 4045 cladis
1199 3997 1291 4046 mentio
1304 4012 1360 4045 mox

268 4077 325 4124 277.
345 4075 379 4124 De
392 4074 507 4135 seusu,id
520 4083 564 4134 cst,
579 4075 609 4123 de
620 4071 711 4123 infelici
723 4071 780 4121 sle·
814 4083 923 4123 recurret
937 4073 1081 4139 expressior,
1093 4075 1150 4135 282,
1164 4088 1228 4138 sqq,
1245 4081 1300 4138 post
1312 4081 1361 4121 ter·

234 4149 319 4199 xandri
334 4151 359 4200 in
373 4150 456 4200 Persas
466 4149 630 4216 expeditione,
646 4149 691 4200 clr.
703 4148 781 4198 omni·
814 4158 902 4199 restres
911 4149 937 4197 iu
948 4147 1051 4214 Phrygia
1061 4157 1150 4197 motus.

234 4242 266 4275 no
277 4225 327 4287 Vll,
343 4229 384 4284 ⁴5,
399 4243 462 4293 sqq,
476 4236 500 4276 et
513 4225 548 4275 ibi
561 4235 612 4275 not.
847 4227 905 4275 279.
925 4224 1000 4274 Codd.
1017 4226 1159 4287 πολυμήλης
1172 4238 1179 4273 :
1191 4238 1235 4271 nos
1245 4239 1309 4270 corr.
1319 4221 1362 4270 Est

266 4305 325 4354 utu.
344 4303 457 4369 Suppleri
480 4311 559 4368 potest
578 4318 621 4352 scu
636 4303 703 4366 quod
720 4301 778 4352 olim
813 4300 879 4350 enim
892 4299 1037 4349 leminiuum
1048 4300 1174 4362 πολυμήλη
1186 4298 1252 4363 apud
1262 4296 1361 4347 Suidem

232 4379 344 4445 suspicati
358 4395 439 4429 sumus
452 4380 493 4429 καὶ
505 4378 604 4445 τρώσει,
620 4387 647 4427 ut
659 4377 726 4427 libris
735 4377 775 4438 tv,
810 4377 864 4425 loco
877 4391 933 4435 suo3
944 4393 959 4424 υ
970 4390 1027 4423 uero
1039 4373 1140 4423 licenter
1150 4372 1188 4421 vel
1200 4373 1295 4439 poetice
1305 4389 1362 4439 pro-

237 4457 292 4513 tot,
307 4464 332 4504 ct
349 4452 404 4515 llll,
421 4456 484 4514 lul,
498 4470 540 4503 seu
558 4454 599 4503 καὶ
614 4453 730 4520 θραύσει,
749 4462 776 4503 nt
809 4451 907 4501 ducitur
926 4449 1045 4516 geminata
1056 4456 1213 4507 consonante,
1227 4457 1256 4498 ut
1266 4447 1292 4497 in
1302 4449 1361 4513 ἐϋμ-

234 4527 295 4588 lllll,
313 4531 352 4593 ll,
364 4545 406 4580 seu
418 4530 459 4580 καὶ
471 4530 552 4593 sidet,
563 4546 605 4580 sen
615 4528 694 4580 simile
704 4528 774 4596 quid,
810 4528 901 4590 μελίης,
910 4544 934 4575 κ.
943 4543 964 4575 τ.
975 4527 997 4577 λ.

572 4812 585 4840 0
