3186 5310
335 375 376 438 οε
620 451 624 458 ,
662 372 925 437 mmmm
946 377 1072 438 λοΓοΣ
1091 377 1126 440 Β.

441 511 509 594 Ηδὲ
525 525 632 618 φόνους
647 524 803 611 ἐποίησαν,
825 529 891 593 ὅσοι
913 516 948 593 δὲ
967 527 1141 620 συνίστορὸς
1156 527 1225 612 εἰσι,

440 639 594 718 Ψεῦσται,
610 631 662 699 καὶ
680 632 824 718 κλέπται,
840 623 939 701 δόλιοί
957 635 985 699 τ’
1004 633 1175 727 οἰκοφθόροι
1198 631 1292 717 αἰνοὶ,

438 741 650 832 Δειπνολόχοι,
663 739 714 805 καὶ
731 735 925 833 κλεψίγαμοι,
940 730 1089 832 δύσφημα
1106 742 1241 833 χέοντες,

334 846 398 913 260
440 846 536 914 Δεινοί
548 846 588 933 θ’,
608 840 752 940 θὸρισταί
770 847 811 934 τ’,
830 843 940 939 οἶνομοί
958 849 999 935 τ’,
1018 840 1242 940 εἰδωλολάτραι
1260 870 1315 914 τε·

438 939 500 1022 Ηδ’
514 955 622 1021 ὁπόσοι
638 955 731 1049 μέγαν
748 952 899 1021 ἀθάνατον
915 955 993 1022 Θεὸν
1008 952 1244 1049 ὅγκατελειψαν,
1307 948 1309 951 ’

441 1060 623 1154 Βλάσφημοι
643 1052 670 1127 δ’
691 1060 843 1156 ἐγένοντο,
862 1062 913 1127 καὶ
933 1055 1075 1128 εὐσεὸέων
1090 1064 1262 1151 κεραῖσταὶ,

441 1171 642 1250 Πιστολόται,
664 1170 715 1235 καὶ
735 1176 795 1235 τῶν
815 1165 908 1262 ἁγίων
923 1169 1096 1262 φθισήνορες
1117 1162 1255 1260 ἀνδρῶν·

440 1260 503 1343 ΙῘΙδ’
517 1274 625 1343 ὅπόσοι
641 1266 754 1352 δολίοις
767 1276 819 1342 καὶ
833 1267 987 1342 άναιδόσιν
1005 1276 1261 1370 άμφιπροσόποις

335 1380 397 1449 265
438 1379 657 1477 Πρεσόότεφοι,
670 1381 792 1477 γεραροί
807 1408 842 1449 τε
857 1373 994 1462 διηκονες
1013 1382 1198 1476 εἰσορόωσιν,

439 1482 605 1583 Αίδόμενοι
616 1489 761 1583 κρίνουσ’,
779 1481 892 1568 ἀδίκως
907 1492 1037 1584 ἑτέροισι
1051 1501 1222 1574 ποιοῦντες,

437 1589 660 1681 Ψευδαπάται,
679 1599 796 1691 φόμησι
814 1596 1020 1690 τεπειθμίνοι,
1039 1580 1147 1693 [αὐτὰρ
1169 1581 1284 1690 ἐόντες]

438 1697 624 1797 Παρδαλίων
640 1728 673 1770 τε
686 1705 786 1771 λόκων
802 1705 973 1796 ὅλοότεροι,
991 1695 1047 1778 ἠδὲ
1068 1704 1232 1772 κάκιστοι·

440 1797 500 1880 Ηδ
515 1811 623 1880 ὀπόσοι
636 1810 775 1904 μεγάλως
788 1815 988 1903 ὑπερήφανοι·
1007 1803 1062 1884 ἡδὲ
1080 1810 1235 1898 τοκισταὶ,

333 1943 396 2008 ²70
439 1918 491 2006 Οἳ,
509 1920 598 1987 τόκον
614 1920 695 2012 ἔαγε
714 1917 813 1984 τόκων
828 1910 1067 2011 συναθροίζοντες
1083 1917 1167 1987 κατὰ
1186 1917 1304 2000 οἴκους,

437 2013 626 2120 ὒρφανικοὺς
642 2029 738 2119 χήρας
753 2049 788 2091 τε
806 2019 1081 2093 καταόλάπτουσιν
1100 2030 1218 2093 ἕκαστα
1232 2050 1240 2066 ·

439 2120 500 2201 ὅδ’
518 2134 626 2202 ὅπόσοι
639 2136 751 2227 χόρησι
765 2131 818 2198 καὶ
831 2136 1018 2225 ὅρφανικοῒσι
1036 2124 1172 2200 διδοῦσιν

440 2227 484 2320 E(
501 2233 616 2308 ἀδίκων
634 2242 742 2334 ἔργων,
759 2238 866 2306 ὅπόσοι
884 2230 914 2304 δ’
934 2230 1019 2305 ἰδίων
1040 2241 1100 2306 άπὸ
1120 2240 1242 2334 μόχθων

437 2348 546 2427 Δόντες
566 2338 774 2426 ὀνειδίζουσιν
796 2348 861 2414 ὅσοι
880 2337 917 2413 δὲ
933 2353 1029 2440 γονεῖς
1048 2346 1089 2414 ἐνὶ
1104 2354 1186 2441 γηρφι

333 2452 396 2544 275
439 2454 613 2537 Καλλιπον,
633 2456 704 2521 οῦτε
723 2451 863 2530 τίσαντες
883 2455 974 2538 ὅλως,
995 2456 1028 2520 οὐ
1051 2454 1186 2547 θρέπτρα
1203 2463 1340 2550 γονεῦσιν

437 2550 740 2655 Ᾰντιτταρασχόντες,
760 2556 858 2650 αὐτὰρ
879 2549 909 2624 δ’
924 2561 990 2626 ὅσοι
1008 2559 1190 2645 ἠπείθησαν,

438 2654 505 2737 Ηδθ
523 2666 575 2736 καὶ
591 2668 737 2735 άντεῖπαν
753 2666 846 2759 λόγον
866 2660 970 2758 ἄγριον
988 2665 1029 2745 εἰς
1044 2679 1227 2762 γενετῆρας·

438 2761 500 2844 Ηδ
520 2774 628 2844 ὀπόσοι
651 2773 768 2850 πίστεις
783 2797 818 2841 τε
839 2772 1055 2866 άπηρνησαντο
1071 2769 1245 2854 λαὸόντες·

438 2883 501 2950 Καὶ
520 2882 702 2973 θεράποντες
721 2882 786 2947 ὅσοι
801 2877 882 2946 κατὰ
902 2870 1074 2948 δεσποτέων
1090 2883 1246 2975 ἐγένοντο·

335 2984 401 3055 οὸο
443 2991 507 3059 Καὶ
530 2989 622 3057 πάλιν
643 2987 671 3056 οἱ
685 2989 742 3062 τὴν
764 2984 864 3076 σάρκα
882 2987 1051 3081 ἀσελγείαις
1073 2988 1248 3080 μιάναντες,

439 3083 502 3164 ὅδ’
519 3095 628 3165 όπόσοι
646 3089 742 3174 ζώνην
759 3095 813 3167 τὸν
833 3094 1013 3187 παρθενικὴν
1033 3096 1191 3166 ἀπέλυσαν

438 3205 543 3300 Λάθρη
564 3202 761 3298 μισγόμενοι·
782 3202 871 3267 ὅσσαι
891 3191 921 3266 δ’
943 3203 985 3269 ε’νὶ
1004 3204 1130 3297 γαστέρι
1149 3203 1281 3298 φόρτους

438 3296 683 3405 Εκτρεόσκουσιν,
700 3311 767 3376 ὅσοι
787 3307 929 3386 τοκετοὺς
952 3308 1107 3402 ῥίπτουσιν
1128 3312 1289 3406 άθίσμως·

437 3415 610 3511 Φαρμακοὶ,
627 3415 646 3491 ἢ
668 3417 719 3483 καὶ
735 3405 943 3506 φαρμακίδες·
965 3417 1016 3482 σὺν
1033 3426 1113 3484 τοῖσι
1128 3423 1181 3487 καὶ
1201 3421 1309 3503 αὐτοὺς

333 3523 396 3592 285
438 3508 525 3619 Οργὴ
542 3521 737 3616 οἱπουρανίοιο
757 3520 810 3589 καὶ
828 3520 992 3615 άφθάρτοιο
1013 3529 1103 3592 Θεοῒο

418 3718 419 3721 ¹
438 3631 526 3698 Κίονι
541 3629 791 3723 προσπελάσειεν,
811 3629 889 3695 ὅπου
908 3629 977 3721 περὶ
992 3633 1101 3698 κόκλον
1121 3632 1247 3699 ἅπαντα

437 3728 604 3831 Ᾰκάματος
624 3736 765 3828 ποταμός
782 3760 814 3803 τε
836 3737 891 3828 φέει
905 3738 1015 3828 πυρός·
1036 3735 1086 3815 οθς
1103 3738 1169 3830 ἅμα
1189 3739 1311 3822 πάντας

436 3827 571 3940 Ᾰγγελοι
584 3843 749 3911 ἀθανάτοιο
763 3843 843 3909 Θεοῦ
863 3827 949 3938 [τοῦ]
966 3842 1027 3909 αἰὲν
1047 3843 1162 3929 ἐόντος,

363 4042 421 4100 257,
435 4055 489 4105 sqq.
509 4037 566 4088 Ηεεο
582 4047 608 4087 ει
627 4037 704 4087 multa
721 4034 874 4103 sequentium
904 4045 989 4086 contra
1002 4047 1107 4088 metrum
1120 4055 1148 4090 ac
1161 4039 1213 4091 εἰπε
1224 4057 1295 4092 sensu
1309 4044 1370 4094 :alii
1381 4044 1451 4097 Ιεευ.

327 4114 508 4183 ePhocylideis
520 4113 656 4165 imitatione
669 4112 794 4180 ὅετυειιφῑε
806 4122 871 4164 suut.
905 4127 962 4161 nam
986 4110 1110 4178 indicant,
1135 4132 1208 4182 quam
1228 4118 1350 4185 supplevit
1368 4120 1446 4181 (ἶσοι,

361 4195 420 4244 266.
439 4188 480 4241 sic
492 4188 557 4248 vul,
572 4191 629 4250 161,
641 4190 821 4256 πισταποφθεῖς.
905 4185 978 4238 dubie
990 4204 1056 4247 sane,
1072 4206 1117 4240 nec
1128 4200 1208 4251 tamen
1222 4194 1292 4244 mle,

362 4271 421 4327 261,
435 4282 489 4334 sqq.
509 4264 690 4324 cfr.vl1,132
714 4280 766 4331 sqq.
939 4266 998 4314 268.
1016 4263 1067 4315 cfr.
1084 4265 1105 4331 Ι,
1121 4269 1177 4316 610.

361 4347 420 4396 266.
439 4342 490 4395 Gfr.
502 4340 604 4408 Phocyl.
618 4344 673 4392 101.
939 4341 997 4390 216.
1016 4339 1095 4391 Verba
1108 4342 1176 4392 ῑὸίων
1190 4342 1239 4394 ἀπὸ
1250 4345 1347 4412 μόχθων
1363 4358 1419 4399 sunt
1433 4366 1448 4400 e

361 4422 419 4470 261.
438 4418 489 4470 cfr.
507 4415 570 4476 xlv,
585 4419 643 4468 266.
659 4414 689 4467 ln
703 4415 752 4466 fine
765 4430 811 4482 pro
825 4414 873 4465 αῦ·
905 4413 1005 4482 Phocyl.
1025 4419 1082 4482 142,
1095 4425 1120 4468 et
1132 4416 1176 4469 cfr.
1193 4435 1275 4486 supra,
1291 4423 1333 4473 70.

327 4495 372 4561 τὰρ
384 4495 476 4560 ἐόντες,
486 4492 556 4545 codd.
566 4491 666 4558 quidam
674 4490 822 4557 πλαζόμενοί
834 4507 871 4550 τι,
938 4492 1079 4542 211-271.
1099 4491 1187 4544 Versus
1210 4505 1315 4562 quatuor
1339 4514 1450 4566 maguam
