<?xml version="1.0" encoding="UTF-8"?>
<!DOCTYPE html PUBLIC "-//W3C//DTD XHTML 1.0 Transitional//EN"
    "http://www.w3.org/TR/xhtml1/DTD/xhtml1-transitional.dtd">
<html xmlns="http://www.w3.org/1999/xhtml" xml:lang="en" lang="en">
 <head>
  <title>
</title>
<meta http-equiv="Content-Type" content="text/html;charset=utf-8" />
  <meta name='ocr-system' content='tesseract 3.04.00' />
  <meta name='ocr-capabilities' content='ocr_page ocr_carea ocr_par ocr_line ocrx_word'/>
</head>
<body>
  <div class='ocr_page' id='page_1' title='image "./oraculasibyllin00alexgoog/oraculasibyllin00alexgoog_0018.png"; bbox 0 0 3186 5310; ppageno 0'>
   <div class='ocr_carea' id='block_1_1' title="bbox 619 443 1284 511">
    <p class='ocr_par' dir='ltr' id='par_1_1' title="bbox 619 443 1284 511">
     <span class='ocr_line' id='line_1_1' title="bbox 619 443 1284 511; baseline 0.005 -3"><span class='ocrx_word' id='word_1_1' title='bbox 619 443 834 508; x_wconf 74' lang='lat' dir='ltr'><strong>PRAEFATIO.</strong></span> <span class='ocrx_word' id='word_1_2' title='bbox 1253 462 1284 511; x_wconf 76' lang='lat'>11</span> 
     </span>
    </p>
   </div>
   <div class='ocr_carea' id='block_1_2' title="bbox 157 578 1359 4644">
    <p class='ocr_par' dir='ltr' id='par_1_2' title="bbox 157 578 1287 1100">
     <span class='ocr_line' id='line_1_2' title="bbox 172 578 1286 672; baseline 0 -24"><span class='ocrx_word' id='word_1_3' title='bbox 172 584 249 648; x_wconf 84' lang='lat' dir='ltr'>Haec</span> <span class='ocrx_word' id='word_1_4' title='bbox 263 598 312 647; x_wconf 89' lang='lat' dir='ltr'>est</span> <span class='ocrx_word' id='word_1_5' title='bbox 326 597 481 672; x_wconf 87' lang='lat' dir='ltr'>perpetua</span> <span class='ocrx_word' id='word_1_6' title='bbox 497 581 583 671; x_wconf 89' lang='lat' dir='ltr'>apud</span> <span class='ocrx_word' id='word_1_7' title='bbox 599 581 724 647; x_wconf 84' lang='lat' dir='ltr'>Judaeos</span> <span class='ocrx_word' id='word_1_8' title='bbox 745 578 922 670; x_wconf 81' lang='lat' dir='ltr'>Sibyllistas</span> <span class='ocrx_word' id='word_1_9' title='bbox 944 580 1042 647; x_wconf 85' lang='lat' dir='ltr'>excisi</span> <span class='ocrx_word' id='word_1_10' title='bbox 1062 580 1174 672; x_wconf 91' lang='lat' dir='ltr'>templi</span> <span class='ocrx_word' id='word_1_11' title='bbox 1195 605 1286 648; x_wconf 89' lang='lat' dir='ltr'>com·</span> 
     </span>
     <span class='ocr_line' id='line_1_3' title="bbox 172 691 1286 784; baseline 0.001 -25"><span class='ocrx_word' id='word_1_12' title='bbox 172 694 321 784; x_wconf 79' lang='lat' dir='ltr'>ploratio,</span> <span class='ocrx_word' id='word_1_13' title='bbox 336 691 436 782; x_wconf 85' lang='lat' dir='ltr'>qualis</span> <span class='ocrx_word' id='word_1_14' title='bbox 449 692 565 783; x_wconf 84' lang='lat' dir='ltr'>legitur</span> <span class='ocrx_word' id='word_1_15' title='bbox 577 693 662 758; x_wconf 91' lang='lat' dir='ltr'>libro</span> <span class='ocrx_word' id='word_1_16' title='bbox 677 694 719 775; x_wconf 93' lang='lat' dir='ltr'>V,</span> <span class='ocrx_word' id='word_1_17' title='bbox 738 691 815 780; x_wconf 85' lang='lat'>397,</span> <span class='ocrx_word' id='word_1_18' title='bbox 835 715 904 780; x_wconf 88' lang='lat' dir='ltr'><strong>sqq.</strong></span> <span class='ocrx_word' id='word_1_19' title='bbox 922 691 978 757; x_wconf 93' lang='lat' dir='ltr'>ubi</span> <span class='ocrx_word' id='word_1_20' title='bbox 996 693 1161 759; x_wconf 90' lang='lat' dir='ltr'>incensum</span> <span class='ocrx_word' id='word_1_21' title='bbox 1174 695 1286 760; x_wconf 71' lang='lat' dir='ltr'>Romo</span> 
     </span>
     <span class='ocr_line' id='line_1_4' title="bbox 172 797 1287 890; baseline 0 -24"><span class='ocrx_word' id='word_1_22' title='bbox 172 823 354 866; x_wconf 87' lang='lat' dir='ltr'>memorans</span> <span class='ocrx_word' id='word_1_23' title='bbox 369 799 445 890; x_wconf 88' lang='lat' dir='ltr'>[sub</span> <span class='ocrx_word' id='word_1_24' title='bbox 460 799 628 865; x_wconf 89' lang='lat' dir='ltr'>Commodi</span> <span class='ocrx_word' id='word_1_25' title='bbox 644 797 841 889; x_wconf 86' lang='lat' dir='ltr'>principatu]</span> <span class='ocrx_word' id='word_1_26' title='bbox 860 800 965 863; x_wconf 86' lang='lat' dir='ltr'>Vestae</span> <span class='ocrx_word' id='word_1_27' title='bbox 985 798 1167 884; x_wconf 85' lang='lat' dir='ltr'><strong>delubrum,</strong></span> <span class='ocrx_word' id='word_1_28' title='bbox 1188 801 1287 866; x_wconf 77' lang='lat' dir='ltr'><strong>refert</strong></span> 
     </span>
     <span class='ocr_line' id='line_1_5' title="bbox 170 904 1143 996; baseline -0.001 -23"><span class='ocrx_word' id='word_1_29' title='bbox 170 904 247 973; x_wconf 93' lang='lat' dir='ltr'>illuc</span> <span class='ocrx_word' id='word_1_30' title='bbox 264 922 359 996; x_wconf 89' lang='lat' dir='ltr'>poeta</span> <span class='ocrx_word' id='word_1_31' title='bbox 373 905 482 995; x_wconf 82' lang='lat' dir='ltr'>patriae</span> <span class='ocrx_word' id='word_1_32' title='bbox 499 905 574 971; x_wconf 89' lang='lat' dir='ltr'>aedis</span> <span class='ocrx_word' id='word_1_33' title='bbox 585 904 781 985; x_wconf 85' lang='lat' dir='ltr'>incendium,</span> <span class='ocrx_word' id='word_1_34' title='bbox 798 921 890 992; x_wconf 89' lang='lat' dir='ltr'>atque</span> <span class='ocrx_word' id='word_1_35' title='bbox 906 904 950 969; x_wconf 91' lang='lat' dir='ltr'>ita</span> <span class='ocrx_word' id='word_1_36' title='bbox 965 905 1143 972; x_wconf 80' lang='lat' dir='ltr'><strong>exclamat:</strong></span> 
     </span>
     <span class='ocr_line' id='line_1_6' title="bbox 157 1010 991 1100; baseline -0.006 -21"><span class='ocrx_word' id='word_1_37' title='bbox 157 1088 159 1093; x_wconf 10' lang='lat' dir='ltr'>y</span> <span class='ocrx_word' id='word_1_38' title='bbox 262 1011 431 1078; x_wconf 83' lang='lat' dir='ltr'>Exstinctae</span> <span class='ocrx_word' id='word_1_39' title='bbox 447 1011 507 1078; x_wconf 92' lang='lat' dir='ltr'>tibi</span> <span class='ocrx_word' id='word_1_40' title='bbox 521 1029 593 1077; x_wconf 92' lang='lat' dir='ltr'>sunt</span> <span class='ocrx_word' id='word_1_41' title='bbox 607 1036 669 1077; x_wconf 81' lang='lat' dir='ltr'>arae</span> <span class='ocrx_word' id='word_1_42' title='bbox 684 1036 761 1100; x_wconf 90' lang='lat' dir='ltr'>quas</span> <span class='ocrx_word' id='word_1_43' title='bbox 773 1010 833 1077; x_wconf 90' lang='lat' dir='ltr'>rite</span> <span class='ocrx_word' id='word_1_44' title='bbox 847 1010 991 1091; x_wconf 83' lang='lat' dir='ltr'>fovebas,</span> 
     </span>
    </p>

    <p class='ocr_par' dir='ltr' id='par_1_3' title="bbox 260 1116 1172 1209">
     <span class='ocr_line' id='line_1_7' title="bbox 260 1116 1172 1209; baseline 0.001 -25"><span class='ocrx_word' id='word_1_45' title='bbox 260 1121 344 1184; x_wconf 85' lang='lat' dir='ltr'>Tum</span> <span class='ocrx_word' id='word_1_46' title='bbox 360 1142 460 1208; x_wconf 92' lang='lat' dir='ltr'>quum</span> <span class='ocrx_word' id='word_1_47' title='bbox 474 1118 671 1209; x_wconf 85' lang='lat' dir='ltr'>praecipitem</span> <span class='ocrx_word' id='word_1_48' title='bbox 685 1116 821 1184; x_wconf 86' lang='lat' dir='ltr'>flammis</span> <span class='ocrx_word' id='word_1_49' title='bbox 835 1116 1058 1206; x_wconf 82' lang='lat' dir='ltr'>superantibus</span> <span class='ocrx_word' id='word_1_50' title='bbox 1071 1117 1172 1185; x_wconf 86' lang='lat' dir='ltr'>aedem</span> 
     </span>
    </p>

    <p class='ocr_par' dir='ltr' id='par_1_4' title="bbox 260 1224 1012 1317">
     <span class='ocr_line' id='line_1_8' title="bbox 260 1224 1012 1317; baseline -0.003 -26"><span class='ocrx_word' id='word_1_51' title='bbox 260 1226 398 1316; x_wconf 89' lang='lat' dir='ltr'>Impuris</span> <span class='ocrx_word' id='word_1_52' title='bbox 412 1227 529 1292; x_wconf 93' lang='lat' dir='ltr'>iterum</span> <span class='ocrx_word' id='word_1_53' title='bbox 544 1225 691 1292; x_wconf 92' lang='lat' dir='ltr'>manibus</span> <span class='ocrx_word' id='word_1_54' title='bbox 705 1226 918 1317; x_wconf 83' lang='lat' dir='ltr'>procumbere</span> <span class='ocrx_word' id='word_1_55' title='bbox 934 1224 1012 1308; x_wconf 87' lang='lat' dir='ltr'>vidi,</span> 
     </span>
    </p>

    <p class='ocr_par' dir='ltr' id='par_1_5' title="bbox 262 1333 1068 1423">
     <span class='ocr_line' id='line_1_9' title="bbox 262 1333 1068 1423; baseline -0.001 -23"><span class='ocrx_word' id='word_1_56' title='bbox 262 1333 379 1400; x_wconf 83' lang='lat' dir='ltr'>AEdem</span> <span class='ocrx_word' id='word_1_57' title='bbox 393 1351 549 1423; x_wconf 90' lang='lat' dir='ltr'>perpetuo</span> <span class='ocrx_word' id='word_1_58' title='bbox 564 1333 732 1400; x_wconf 87' lang='lat' dir='ltr'>florentem</span> <span class='ocrx_word' id='word_1_59' title='bbox 746 1335 898 1416; x_wconf 88' lang='lat' dir='ltr'>Numine,</span> <span class='ocrx_word' id='word_1_60' title='bbox 914 1333 1068 1423; x_wconf 88' lang='lat' dir='ltr'>templum</span> 
     </span>
    </p>

    <p class='ocr_par' dir='ltr' id='par_1_6' title="bbox 261 1440 1052 1531">
     <span class='ocr_line' id='line_1_10' title="bbox 261 1440 1052 1531; baseline 0 -27"><span class='ocrx_word' id='word_1_61' title='bbox 261 1442 290 1504; x_wconf 82' lang='lat' dir='ltr'><strong>A</strong></span> <span class='ocrx_word' id='word_1_62' title='bbox 305 1440 422 1506; x_wconf 87' lang='lat' dir='ltr'>sanctis</span> <span class='ocrx_word' id='word_1_63' title='bbox 438 1440 593 1530; x_wconf 91' lang='lat' dir='ltr'>positum,</span> <span class='ocrx_word' id='word_1_64' title='bbox 609 1440 686 1531; x_wconf 91' lang='lat' dir='ltr'>quin</span> <span class='ocrx_word' id='word_1_65' title='bbox 702 1458 734 1506; x_wconf 90' lang='lat' dir='ltr'>et</span> <span class='ocrx_word' id='word_1_66' title='bbox 747 1440 815 1506; x_wconf 86' lang='lat' dir='ltr'>sinc</span> <span class='ocrx_word' id='word_1_67' title='bbox 829 1441 892 1505; x_wconf 90' lang='lat' dir='ltr'>fine</span> <span class='ocrx_word' id='word_1_68' title='bbox 909 1443 1052 1505; x_wconf 86' lang='lat' dir='ltr'>futurum</span> 
     </span>
    </p>

    <p class='ocr_par' dir='ltr' id='par_1_7' title="bbox 171 1548 1359 2176">
     <span class='ocr_line' id='line_1_11' title="bbox 262 1548 1084 1640; baseline 0.006 -29"><span class='ocrx_word' id='word_1_69' title='bbox 262 1548 311 1612; x_wconf 83' lang='lat' dir='ltr'>Ex</span> <span class='ocrx_word' id='word_1_70' title='bbox 326 1548 433 1613; x_wconf 86' lang='lat' dir='ltr'>animo</span> <span class='ocrx_word' id='word_1_71' title='bbox 447 1549 611 1639; x_wconf 89' lang='lat' dir='ltr'>quondam</span> <span class='ocrx_word' id='word_1_72' title='bbox 627 1566 789 1639; x_wconf 88' lang='lat' dir='ltr'>speratum</span> <span class='ocrx_word' id='word_1_73' title='bbox 804 1566 837 1614; x_wconf 90' lang='lat' dir='ltr'>et</span> <span class='ocrx_word' id='word_1_74' title='bbox 850 1572 987 1640; x_wconf 87' lang='lat' dir='ltr'>corpore</span> <span class='ocrx_word' id='word_1_75' title='bbox 1002 1564 1084 1616; x_wconf 88' lang='lat' dir='ltr'>toto.</span> 
     </span>
     <span class='ocr_line' id='line_1_12' title="bbox 172 1655 1285 1749; baseline 0.003 -29"><span class='ocrx_word' id='word_1_76' title='bbox 172 1655 259 1720; x_wconf 85' lang='lat' dir='ltr'>Talia</span> <span class='ocrx_word' id='word_1_77' title='bbox 275 1674 347 1721; x_wconf 90' lang='lat' dir='ltr'>sunt</span> <span class='ocrx_word' id='word_1_78' title='bbox 360 1656 434 1722; x_wconf 86' lang='lat' dir='ltr'>libri</span> <span class='ocrx_word' id='word_1_79' title='bbox 444 1658 473 1721; x_wconf 90' lang='lat' dir='ltr'>V</span> <span class='ocrx_word' id='word_1_80' title='bbox 483 1656 652 1740; x_wconf 92' lang='lat' dir='ltr'>desideria,</span> <span class='ocrx_word' id='word_1_81' title='bbox 669 1656 838 1747; x_wconf 84' lang='lat' dir='ltr'>diligenter</span> <span class='ocrx_word' id='word_1_82' title='bbox 855 1680 928 1722; x_wconf 89' lang='lat' dir='ltr'>cum</span> <span class='ocrx_word' id='word_1_83' title='bbox 944 1655 1135 1746; x_wconf 86' lang='lat' dir='ltr'>supradictis</span> <span class='ocrx_word' id='word_1_84' title='bbox 1151 1655 1285 1749; x_wconf 86' lang='lat' dir='ltr'>compo·</span> 
     </span>
     <span class='ocr_line' id='line_1_13' title="bbox 171 1761 1287 1842; baseline 0.001 -17"><span class='ocrx_word' id='word_1_85' title='bbox 171 1761 288 1827; x_wconf 88' lang='lat' dir='ltr'>nenda.</span> <span class='ocrx_word' id='word_1_86' title='bbox 305 1764 487 1829; x_wconf 89' lang='lat' dir='ltr'>Invenietur</span> <span class='ocrx_word' id='word_1_87' title='bbox 501 1764 587 1828; x_wconf 90' lang='lat' dir='ltr'>enim</span> <span class='ocrx_word' id='word_1_88' title='bbox 601 1763 684 1828; x_wconf 90' lang='lat' dir='ltr'>liber</span> <span class='ocrx_word' id='word_1_89' title='bbox 700 1763 758 1828; x_wconf 85' lang='lat' dir='ltr'>istc</span> <span class='ocrx_word' id='word_1_90' title='bbox 771 1764 813 1842; x_wconf 88' lang='lat' dir='ltr'>V,</span> <span class='ocrx_word' id='word_1_91' title='bbox 831 1786 905 1828; x_wconf 91' lang='lat' dir='ltr'>cum</span> <span class='ocrx_word' id='word_1_92' title='bbox 918 1765 977 1828; x_wconf 92' lang='lat' dir='ltr'>hac</span> <span class='ocrx_word' id='word_1_93' title='bbox 991 1778 1102 1827; x_wconf 88' lang='lat' dir='ltr'>nostra</span> <span class='ocrx_word' id='word_1_94' title='bbox 1116 1762 1201 1829; x_wconf 89' lang='lat' dir='ltr'>tertii</span> <span class='ocrx_word' id='word_1_95' title='bbox 1211 1762 1287 1828; x_wconf 89' lang='lat' dir='ltr'>libri</span> 
     </span>
     <span class='ocr_line' id='line_1_14' title="bbox 172 1870 1286 1961; baseline 0.002 -27"><span class='ocrx_word' id='word_1_96' title='bbox 172 1887 274 1959; x_wconf 88' lang='lat' dir='ltr'>parte,</span> <span class='ocrx_word' id='word_1_97' title='bbox 303 1879 317 1953; x_wconf 71' lang='grc'>5</span> <span class='ocrx_word' id='word_1_98' title='bbox 342 1872 375 1954; x_wconf 84' lang='grc'>3,</span> <span class='ocrx_word' id='word_1_99' title='bbox 397 1871 478 1936; x_wconf 90' lang='lat' dir='ltr'>mire</span> <span class='ocrx_word' id='word_1_100' title='bbox 503 1870 707 1954; x_wconf 87' lang='lat' dir='ltr'>conveniens,</span> <span class='ocrx_word' id='word_1_101' title='bbox 730 1894 796 1936; x_wconf 90' lang='lat' dir='ltr'>non</span> <span class='ocrx_word' id='word_1_102' title='bbox 820 1888 884 1935; x_wconf 88' lang='lat' dir='ltr'>tam</span> <span class='ocrx_word' id='word_1_103' title='bbox 910 1871 978 1937; x_wconf 90' lang='lat' dir='ltr'>aliis</span> <span class='ocrx_word' id='word_1_104' title='bbox 1000 1871 1041 1936; x_wconf 89' lang='lat' dir='ltr'>de</span> <span class='ocrx_word' id='word_1_105' title='bbox 1066 1871 1168 1936; x_wconf 92' lang='lat' dir='ltr'>causis</span> <span class='ocrx_word' id='word_1_106' title='bbox 1189 1895 1286 1961; x_wconf 92' lang='lat' dir='ltr'>quam</span> 
     </span>
     <span class='ocr_line' id='line_1_15' title="bbox 171 1976 1359 2068; baseline 0.003 -27"><span class='ocrx_word' id='word_1_107' title='bbox 171 1994 305 2065; x_wconf 85' lang='lat' dir='ltr'>propter</span> <span class='ocrx_word' id='word_1_108' title='bbox 328 1976 447 2044; x_wconf 85' lang='lat' dir='ltr'>effusas</span> <span class='ocrx_word' id='word_1_109' title='bbox 475 1979 508 2044; x_wconf 93' lang='lat' dir='ltr'>in</span> <span class='ocrx_word' id='word_1_110' title='bbox 534 1982 673 2044; x_wconf 88' lang='lat' dir='ltr'>Romam</span> <span class='ocrx_word' id='word_1_111' title='bbox 698 1977 956 2068; x_wconf 78' lang='lat' dir='ltr'>imprecationes,</span> <span class='ocrx_word' id='word_1_112' title='bbox 981 2001 1117 2067; x_wconf 88' lang='lat' dir='ltr'>quarum</span> <span class='ocrx_word' id='word_1_113' title='bbox 1147 1977 1196 2044; x_wconf 88' lang='lat' dir='ltr'>vel</span> <span class='ocrx_word' id='word_1_114' title='bbox 1222 1977 1286 2044; x_wconf 89' lang='lat' dir='ltr'>boc</span> <span class='ocrx_word' id='word_1_115' title='bbox 1355 2040 1359 2049; x_wconf 87' lang='grc'>,</span> 
     </span>
     <span class='ocr_line' id='line_1_16' title="bbox 174 2087 831 2176; baseline 0.005 -28"><span class='ocrx_word' id='word_1_116' title='bbox 174 2107 273 2149; x_wconf 91' lang='lat' dir='ltr'>unum</span> <span class='ocrx_word' id='word_1_117' title='bbox 291 2088 475 2176; x_wconf 84' lang='lat' dir='ltr'>exemplum</span> <span class='ocrx_word' id='word_1_118' title='bbox 497 2087 549 2168; x_wconf 88' lang='lat' dir='ltr'>sit,</span> <span class='ocrx_word' id='word_1_119' title='bbox 569 2089 611 2168; x_wconf 88' lang='lat' dir='ltr'>V,</span> <span class='ocrx_word' id='word_1_120' title='bbox 635 2088 709 2167; x_wconf 87' lang='lat'>161,</span> <span class='ocrx_word' id='word_1_121' title='bbox 730 2110 803 2176; x_wconf 89' lang='lat' dir='ltr'>sqq.</span> <span class='ocrx_word' id='word_1_122' title='bbox 822 2109 831 2151; x_wconf 90' lang='lat'>:</span> 
     </span>
    </p>

    <p class='ocr_par' dir='ltr' id='par_1_8' title="bbox 261 2192 946 2284">
     <span class='ocr_line' id='line_1_17' title="bbox 261 2192 946 2284; baseline -0.003 -27"><span class='ocrx_word' id='word_1_123' title='bbox 261 2192 417 2257; x_wconf 86' lang='lat' dir='ltr'>Mortales</span> <span class='ocrx_word' id='word_1_124' title='bbox 432 2195 515 2257; x_wconf 90' lang='lat' dir='ltr'>inter</span> <span class='ocrx_word' id='word_1_125' title='bbox 530 2210 562 2258; x_wconf 91' lang='lat' dir='ltr'>tu</span> <span class='ocrx_word' id='word_1_126' title='bbox 577 2193 716 2284; x_wconf 90' lang='lat' dir='ltr'>pessima</span> <span class='ocrx_word' id='word_1_127' title='bbox 730 2194 794 2257; x_wconf 86' lang='lat' dir='ltr'>fata</span> <span class='ocrx_word' id='word_1_128' title='bbox 810 2192 946 2275; x_wconf 88' lang='lat' dir='ltr'>subibis,</span> 
     </span>
    </p>

    <p class='ocr_par' dir='ltr' id='par_1_9' title="bbox 261 2297 1145 2388">
     <span class='ocr_line' id='line_1_18' title="bbox 261 2297 1145 2388; baseline 0.001 -26"><span class='ocrx_word' id='word_1_129' title='bbox 261 2298 388 2387; x_wconf 81' lang='lat' dir='ltr'>Proque</span> <span class='ocrx_word' id='word_1_130' title='bbox 401 2299 493 2363; x_wconf 89' lang='lat' dir='ltr'>malis</span> <span class='ocrx_word' id='word_1_131' title='bbox 507 2300 589 2364; x_wconf 89' lang='lat' dir='ltr'>mala</span> <span class='ocrx_word' id='word_1_132' title='bbox 610 2301 709 2365; x_wconf 86' lang='lat' dir='ltr'>multa</span> <span class='ocrx_word' id='word_1_133' title='bbox 724 2299 819 2381; x_wconf 88' lang='lat' dir='ltr'>feres,</span> <span class='ocrx_word' id='word_1_134' title='bbox 834 2299 1008 2388; x_wconf 84' lang='lat' dir='ltr'>longasque</span> <span class='ocrx_word' id='word_1_135' title='bbox 1021 2297 1145 2365; x_wconf 89' lang='lat' dir='ltr'>dolebis</span> 
     </span>
    </p>

    <p class='ocr_par' dir='ltr' id='par_1_10' title="bbox 263 2403 996 2493">
     <span class='ocr_line' id='line_1_19' title="bbox 263 2403 996 2493; baseline 0.005 -27"><span class='ocrx_word' id='word_1_136' title='bbox 263 2403 337 2467; x_wconf 88' lang='lat' dir='ltr'>Sola</span> <span class='ocrx_word' id='word_1_137' title='bbox 352 2427 410 2493; x_wconf 91' lang='lat' dir='ltr'>per</span> <span class='ocrx_word' id='word_1_138' title='bbox 425 2421 545 2488; x_wconf 85' lang='lat' dir='ltr'>aetates,</span> <span class='ocrx_word' id='word_1_139' title='bbox 562 2405 699 2489; x_wconf 84' lang='lat' dir='ltr'>deserta,</span> <span class='ocrx_word' id='word_1_140' title='bbox 714 2406 892 2472; x_wconf 88' lang='lat' dir='ltr'>colentibus</span> <span class='ocrx_word' id='word_1_141' title='bbox 905 2407 996 2488; x_wconf 87' lang='lat' dir='ltr'>orba,</span> 
     </span>
    </p>

    <p class='ocr_par' dir='ltr' id='par_1_11' title="bbox 263 2511 754 2603">
     <span class='ocr_line' id='line_1_20' title="bbox 263 2511 754 2603; baseline 0.01 -30"><span class='ocrx_word' id='word_1_142' title='bbox 263 2511 414 2575; x_wconf 82' lang='lat' dir='ltr'>Aversata</span> <span class='ocrx_word' id='word_1_143' title='bbox 429 2512 531 2577; x_wconf 90' lang='lat' dir='ltr'>solum</span> <span class='ocrx_word' id='word_1_144' title='bbox 545 2514 754 2603; x_wconf 62' lang='lat' dir='ltr'>propriumz..</span> 
     </span>
    </p>

    <p class='ocr_par' dir='ltr' id='par_1_12' title="bbox 259 2616 1085 2710">
     <span class='ocr_line' id='line_1_21' title="bbox 259 2616 1085 2710; baseline 0.01 -31"><span class='ocrx_word' id='word_1_145' title='bbox 259 2616 315 2681; x_wconf 86' lang='lat' dir='ltr'>Vae</span> <span class='ocrx_word' id='word_1_146' title='bbox 327 2616 399 2699; x_wconf 87' lang='lat' dir='ltr'>tibi,</span> <span class='ocrx_word' id='word_1_147' title='bbox 414 2642 462 2683; x_wconf 87' lang='lat' dir='ltr'>vae</span> <span class='ocrx_word' id='word_1_148' title='bbox 474 2642 602 2709; x_wconf 91' lang='lat' dir='ltr'>semper</span> <span class='ocrx_word' id='word_1_149' title='bbox 617 2637 710 2685; x_wconf 83' lang='lat' dir='ltr'>terrae</span> <span class='ocrx_word' id='word_1_150' title='bbox 724 2621 802 2686; x_wconf 85' lang='lat' dir='ltr'>urbs</span> <span class='ocrx_word' id='word_1_151' title='bbox 814 2619 940 2710; x_wconf 88' lang='lat' dir='ltr'>impura</span> <span class='ocrx_word' id='word_1_152' title='bbox 955 2620 1085 2698; x_wconf 71' lang='lat' dir='ltr'>Latina,</span> 
     </span>
    </p>

    <p class='ocr_par' dir='ltr' id='par_1_13' title="bbox 257 2725 976 2817">
     <span class='ocr_line' id='line_1_22' title="bbox 257 2725 976 2817; baseline 0.006 -28"><span class='ocrx_word' id='word_1_153' title='bbox 257 2725 378 2790; x_wconf 87' lang='lat' dir='ltr'>Maenas</span> <span class='ocrx_word' id='word_1_154' title='bbox 393 2725 532 2816; x_wconf 83' lang='lat' dir='ltr'>viperea,</span> <span class='ocrx_word' id='word_1_155' title='bbox 550 2727 590 2792; x_wconf 89' lang='lat' dir='ltr'>ad</span> <span class='ocrx_word' id='word_1_156' title='bbox 604 2728 689 2817; x_wconf 88' lang='lat' dir='ltr'>ripas</span> <span class='ocrx_word' id='word_1_157' title='bbox 703 2727 830 2793; x_wconf 85' lang='lat' dir='ltr'>viduata</span> <span class='ocrx_word' id='word_1_158' title='bbox 840 2727 976 2814; x_wconf 87' lang='lat' dir='ltr'>jacebis,</span> 
     </span>
    </p>

    <p class='ocr_par' dir='ltr' id='par_1_14' title="bbox 258 2833 972 2904">
     <span class='ocr_line' id='line_1_23' title="bbox 258 2833 972 2904; baseline 0.01 -7"><span class='ocrx_word' id='word_1_159' title='bbox 258 2834 299 2897; x_wconf 91' lang='lat' dir='ltr'>Et</span> <span class='ocrx_word' id='word_1_160' title='bbox 312 2833 423 2899; x_wconf 88' lang='lat' dir='ltr'>Tiberi</span> <span class='ocrx_word' id='word_1_161' title='bbox 440 2833 535 2900; x_wconf 85' lang='lat' dir='ltr'>fluvio</span> <span class='ocrx_word' id='word_1_162' title='bbox 551 2835 651 2902; x_wconf 89' lang='lat' dir='ltr'>tristis</span> <span class='ocrx_word' id='word_1_163' title='bbox 667 2833 837 2902; x_wconf 88' lang='lat' dir='ltr'>defleberis</span> <span class='ocrx_word' id='word_1_164' title='bbox 851 2860 972 2904; x_wconf 81' lang='lat' dir='ltr'>uxor...</span> 
     </span>
    </p>

    <p class='ocr_par' dir='ltr' id='par_1_15' title="bbox 257 2940 1121 3034">
     <span class='ocr_line' id='line_1_24' title="bbox 257 2940 1121 3034; baseline 0.005 -29"><span class='ocrx_word' id='word_1_165' title='bbox 257 2940 333 3005; x_wconf 86' lang='lat' dir='ltr'>Sola</span> <span class='ocrx_word' id='word_1_166' title='bbox 352 2942 484 3007; x_wconf 88' lang='lat' dir='ltr'>scelesta</span> <span class='ocrx_word' id='word_1_167' title='bbox 502 2966 608 3026; x_wconf 92' lang='lat' dir='ltr'>mane,</span> <span class='ocrx_word' id='word_1_168' title='bbox 623 2943 804 3034; x_wconf 89' lang='lat' dir='ltr'>rapidisque</span> <span class='ocrx_word' id='word_1_169' title='bbox 821 2943 959 3009; x_wconf 80' lang='lat' dir='ltr'>exercita</span> <span class='ocrx_word' id='word_1_170' title='bbox 972 2940 1121 3025; x_wconf 86' lang='lat' dir='ltr'>flammis,</span> 
     </span>
    </p>

    <p class='ocr_par' dir='ltr' id='par_1_16' title="bbox 169 3049 1303 3570">
     <span class='ocr_line' id='line_1_25' title="bbox 257 3049 949 3118; baseline 0.007 -5"><span class='ocrx_word' id='word_1_171' title='bbox 257 3050 424 3115; x_wconf 85' lang='lat' dir='ltr'>Tartareas</span> <span class='ocrx_word' id='word_1_172' title='bbox 438 3050 549 3116; x_wconf 83' lang='lat' dir='ltr'>habita</span> <span class='ocrx_word' id='word_1_173' title='bbox 563 3051 655 3117; x_wconf 87' lang='lat' dir='ltr'>sedes</span> <span class='ocrx_word' id='word_1_174' title='bbox 669 3049 848 3116; x_wconf 86' lang='lat' dir='ltr'>inamabilis</span> <span class='ocrx_word' id='word_1_175' title='bbox 860 3051 949 3118; x_wconf 88' lang='lat' dir='ltr'>Orci.</span> 
     </span>
     <span class='ocr_line' id='line_1_26' title="bbox 169 3154 1303 3247; baseline -0.001 -28"><span class='ocrx_word' id='word_1_176' title='bbox 169 3154 318 3237; x_wconf 91' lang='lat' dir='ltr'>Quorum</span> <span class='ocrx_word' id='word_1_177' title='bbox 325 3156 482 3222; x_wconf 88' lang='lat' dir='ltr'>malorum</span> <span class='ocrx_word' id='word_1_178' title='bbox 494 3180 588 3223; x_wconf 88' lang='lat' dir='ltr'>causa</span> <span class='ocrx_word' id='word_1_179' title='bbox 598 3180 635 3221; x_wconf 88' lang='lat' dir='ltr'>ea</span> <span class='ocrx_word' id='word_1_180' title='bbox 645 3156 713 3247; x_wconf 88' lang='lat' dir='ltr'>ipsa</span> <span class='ocrx_word' id='word_1_181' title='bbox 724 3180 794 3245; x_wconf 80' lang='lat' dir='ltr'>quae</span> <span class='ocrx_word' id='word_1_182' title='bbox 805 3155 889 3221; x_wconf 88' lang='lat' dir='ltr'>libro</span> <span class='ocrx_word' id='word_1_183' title='bbox 899 3159 945 3221; x_wconf 89' lang='lat'>111</span> <span class='ocrx_word' id='word_1_184' title='bbox 955 3155 1100 3238; x_wconf 82' lang='lat' dir='ltr'>affertur,</span> <span class='ocrx_word' id='word_1_185' title='bbox 1109 3156 1160 3221; x_wconf 82' lang='lat' dir='ltr'>&#39;ira</span> <span class='ocrx_word' id='word_1_186' title='bbox 1168 3179 1284 3246; x_wconf 91' lang='lat' dir='ltr'>nempe</span> <span class='ocrx_word' id='word_1_187' title='bbox 1295 3196 1303 3217; x_wconf 48' lang='grc'>1</span> 
     </span>
     <span class='ocr_line' id='line_1_27' title="bbox 170 3260 1289 3364; baseline 0.002 -39"><span class='ocrx_word' id='word_1_188' title='bbox 170 3260 230 3326; x_wconf 90' lang='lat' dir='ltr'>Dei</span> <span class='ocrx_word' id='word_1_189' title='bbox 246 3262 386 3329; x_wconf 88' lang='lat' dir='ltr'>electum</span> <span class='ocrx_word' id='word_1_190' title='bbox 408 3264 468 3330; x_wconf 89' lang='lat' dir='ltr'>sibi</span> <span class='ocrx_word' id='word_1_191' title='bbox 484 3264 642 3357; x_wconf 92' lang='lat' dir='ltr'>populum</span> <span class='ocrx_word' id='word_1_192' title='bbox 655 3265 822 3354; x_wconf 71' lang='lat' dir='ltr'>sedemque</span> <span class='ocrx_word' id='word_1_193' title='bbox 836 3287 959 3330; x_wconf 86' lang='lat' dir='ltr'>sacram</span> <span class='ocrx_word' id='word_1_194' title='bbox 975 3263 1156 3330; x_wconf 90' lang='lat' dir='ltr'>ulciscentis</span> <span class='ocrx_word' id='word_1_195' title='bbox 1170 3263 1289 3364; x_wconf 20' lang='lat' dir='ltr'>adver-⁵</span> 
     </span>
     <span class='ocr_line' id='line_1_28' title="bbox 170 3370 1287 3463; baseline 0.002 -29"><span class='ocrx_word' id='word_1_196' title='bbox 170 3392 224 3434; x_wconf 90' lang='lat' dir='ltr'>sus</span> <span class='ocrx_word' id='word_1_197' title='bbox 243 3371 409 3460; x_wconf 82' lang='lat' dir='ltr'>Babylona</span> <span class='ocrx_word' id='word_1_198' title='bbox 428 3372 486 3463; x_wconf 81' lang='lat' dir='ltr'>(sic</span> <span class='ocrx_word' id='word_1_199' title='bbox 500 3377 638 3437; x_wconf 90' lang='lat' dir='ltr'>Romam</span> <span class='ocrx_word' id='word_1_200' title='bbox 654 3372 773 3438; x_wconf 88' lang='lat' dir='ltr'>Noster</span> <span class='ocrx_word' id='word_1_201' title='bbox 788 3370 885 3461; x_wconf 88' lang='lat' dir='ltr'>paulo</span> <span class='ocrx_word' id='word_1_202' title='bbox 904 3388 997 3450; x_wconf 87' lang='lat' dir='ltr'>ante,</span> <span class='ocrx_word' id='word_1_203' title='bbox 1015 3373 1056 3456; x_wconf 92' lang='lat' dir='ltr'>V,</span> <span class='ocrx_word' id='word_1_204' title='bbox 1081 3370 1155 3454; x_wconf 83' lang='lat'>158,</span> <span class='ocrx_word' id='word_1_205' title='bbox 1171 3370 1287 3458; x_wconf 88' lang='lat' dir='ltr'>aliique</span> 
     </span>
     <span class='ocr_line' id='line_1_29' title="bbox 170 3479 635 3570; baseline 0.006 -28"><span class='ocrx_word' id='word_1_206' title='bbox 170 3479 289 3566; x_wconf 86' lang='lat' dir='ltr'>passim</span> <span class='ocrx_word' id='word_1_207' title='bbox 304 3479 476 3570; x_wconf 87' lang='lat' dir='ltr'>Sibyllistae</span> <span class='ocrx_word' id='word_1_208' title='bbox 491 3481 635 3568; x_wconf 87' lang='lat' dir='ltr'>vocant),</span> 
     </span>
    </p>

    <p class='ocr_par' dir='ltr' id='par_1_17' title="bbox 258 3582 1013 3672">
     <span class='ocr_line' id='line_1_30' title="bbox 258 3582 1013 3672; baseline 0 -22"><span class='ocrx_word' id='word_1_209' title='bbox 258 3587 300 3650; x_wconf 91' lang='lat' dir='ltr'>Et</span> <span class='ocrx_word' id='word_1_210' title='bbox 315 3603 433 3651; x_wconf 87' lang='lat' dir='ltr'>terram</span> <span class='ocrx_word' id='word_1_211' title='bbox 447 3585 558 3667; x_wconf 78' lang='lat' dir='ltr'>tratiae,</span> <span class='ocrx_word' id='word_1_212' title='bbox 575 3587 665 3672; x_wconf 89' lang='lat' dir='ltr'>cujus</span> <span class='ocrx_word' id='word_1_213' title='bbox 681 3584 826 3651; x_wconf 89' lang='lat' dir='ltr'>cecidere</span> <span class='ocrx_word' id='word_1_214' title='bbox 841 3585 901 3650; x_wconf 92' lang='lat' dir='ltr'>sub</span> <span class='ocrx_word' id='word_1_215' title='bbox 916 3582 1013 3650; x_wconf 89' lang='lat' dir='ltr'>armis</span> 
     </span>
    </p>

    <p class='ocr_par' dir='ltr' id='par_1_18' title="bbox 170 3692 1288 4324">
     <span class='ocr_line' id='line_1_31' title="bbox 259 3692 1051 3784; baseline 0.001 -27"><span class='ocrx_word' id='word_1_216' title='bbox 259 3693 366 3758; x_wconf 86' lang='lat' dir='ltr'>Sancti</span> <span class='ocrx_word' id='word_1_217' title='bbox 379 3694 593 3760; x_wconf 85' lang='lat' dir='ltr'>Hebraeorum</span> <span class='ocrx_word' id='word_1_218' title='bbox 609 3693 721 3784; x_wconf 90' lang='lat' dir='ltr'>populi</span> <span class='ocrx_word' id='word_1_219' title='bbox 735 3692 904 3783; x_wconf 89' lang='lat' dir='ltr'>divinaque</span> <span class='ocrx_word' id='word_1_220' title='bbox 920 3693 1051 3781; x_wconf 88' lang='lat' dir='ltr'>templa.</span> 
     </span>
     <span class='ocr_line' id='line_1_32' title="bbox 170 3799 1287 3892; baseline 0.001 -28"><span class='ocrx_word' id='word_1_221' title='bbox 170 3801 273 3865; x_wconf 89' lang='lat' dir='ltr'>Porro</span> <span class='ocrx_word' id='word_1_222' title='bbox 301 3825 359 3891; x_wconf 90' lang='lat' dir='ltr'>per</span> <span class='ocrx_word' id='word_1_223' title='bbox 382 3818 488 3868; x_wconf 92' lang='lat' dir='ltr'>totum</span> <span class='ocrx_word' id='word_1_224' title='bbox 511 3802 578 3868; x_wconf 85' lang='lat' dir='ltr'>fere</span> <span class='ocrx_word' id='word_1_225' title='bbox 607 3801 755 3892; x_wconf 90' lang='lat' dir='ltr'>quintum</span> <span class='ocrx_word' id='word_1_226' title='bbox 777 3801 897 3866; x_wconf 91' lang='lat' dir='ltr'>librum</span> <span class='ocrx_word' id='word_1_227' title='bbox 919 3799 1061 3866; x_wconf 89' lang='lat' dir='ltr'>invenias</span> <span class='ocrx_word' id='word_1_228' title='bbox 1081 3799 1195 3866; x_wconf 88' lang='lat' dir='ltr'>eadem</span> <span class='ocrx_word' id='word_1_229' title='bbox 1212 3822 1287 3890; x_wconf 85' lang='lat' dir='ltr'>erga</span> 
     </span>
     <span class='ocr_line' id='line_1_33' title="bbox 170 3906 1288 4000; baseline -0.001 -28"><span class='ocrx_word' id='word_1_230' title='bbox 170 3908 335 3974; x_wconf 85' lang='lat' dir='ltr'>Romanos</span> <span class='ocrx_word' id='word_1_231' title='bbox 358 3909 433 3975; x_wconf 88' lang='lat' dir='ltr'>odia</span> <span class='ocrx_word' id='word_1_232' title='bbox 456 3910 647 4000; x_wconf 89' lang='lat' dir='ltr'>easdemque</span> <span class='ocrx_word' id='word_1_233' title='bbox 674 3908 751 4000; x_wconf 89' lang='lat' dir='ltr'>ipsis</span> <span class='ocrx_word' id='word_1_234' title='bbox 776 3909 945 3974; x_wconf 87' lang='lat' dir='ltr'>intentatas</span> <span class='ocrx_word' id='word_1_235' title='bbox 967 3907 1105 3999; x_wconf 83' lang='lat' dir='ltr'>proximi</span> <span class='ocrx_word' id='word_1_236' title='bbox 1124 3906 1209 3972; x_wconf 86' lang='lat' dir='ltr'>exitii</span> <span class='ocrx_word' id='word_1_237' title='bbox 1228 3906 1288 3972; x_wconf 90' lang='lat' dir='ltr'>mi·</span> 
     </span>
     <span class='ocr_line' id='line_1_34' title="bbox 170 4015 1285 4109; baseline 0 -28"><span class='ocrx_word' id='word_1_238' title='bbox 170 4039 241 4098; x_wconf 89' lang='lat' dir='ltr'>nas,</span> <span class='ocrx_word' id='word_1_239' title='bbox 256 4016 419 4084; x_wconf 89' lang='lat' dir='ltr'>interdum</span> <span class='ocrx_word' id='word_1_240' title='bbox 433 4018 546 4084; x_wconf 90' lang='lat' dir='ltr'>iisdem</span> <span class='ocrx_word' id='word_1_241' title='bbox 558 4043 662 4109; x_wconf 90' lang='lat' dir='ltr'>prope</span> <span class='ocrx_word' id='word_1_242' title='bbox 685 4018 802 4104; x_wconf 88' lang='lat' dir='ltr'>verbis,</span> <span class='ocrx_word' id='word_1_243' title='bbox 824 4035 860 4083; x_wconf 91' lang='lat' dir='ltr'>ut</span> <span class='ocrx_word' id='word_1_244' title='bbox 879 4019 921 4096; x_wconf 87' lang='lat' dir='ltr'>V,</span> <span class='ocrx_word' id='word_1_245' title='bbox 943 4019 1017 4104; x_wconf 84' lang='lat'>161,</span> <span class='ocrx_word' id='word_1_246' title='bbox 1042 4040 1112 4106; x_wconf 91' lang='lat' dir='ltr'>sqq.</span> <span class='ocrx_word' id='word_1_247' title='bbox 1135 4015 1208 4106; x_wconf 88' lang='lat' dir='ltr'>(cfr.</span> <span class='ocrx_word' id='word_1_248' title='bbox 1226 4017 1285 4095; x_wconf 86' lang='grc' dir='ltr'>ΙΙΙ,</span> 
     </span>
     <span class='ocr_line' id='line_1_35' title="bbox 171 4122 1288 4216; baseline -0.004 -24"><span class='ocrx_word' id='word_1_249' title='bbox 171 4129 250 4214; x_wconf 73' lang='grc'>467,</span> <span class='ocrx_word' id='word_1_250' title='bbox 270 4125 370 4216; x_wconf 78' lang='lat' dir='ltr'>sqq).</span> <span class='ocrx_word' id='word_1_251' title='bbox 390 4126 516 4211; x_wconf 90' lang='lat' dir='ltr'>Quibus</span> <span class='ocrx_word' id='word_1_252' title='bbox 533 4127 615 4191; x_wconf 91' lang='lat' dir='ltr'>nihil</span> <span class='ocrx_word' id='word_1_253' title='bbox 629 4125 730 4192; x_wconf 89' lang='lat' dir='ltr'>simile</span> <span class='ocrx_word' id='word_1_254' title='bbox 750 4125 890 4191; x_wconf 89' lang='lat' dir='ltr'>occurrit</span> <span class='ocrx_word' id='word_1_255' title='bbox 905 4126 937 4190; x_wconf 93' lang='lat' dir='ltr'>in</span> <span class='ocrx_word' id='word_1_256' title='bbox 956 4124 1040 4190; x_wconf 91' lang='lat' dir='ltr'>tertii</span> <span class='ocrx_word' id='word_1_257' title='bbox 1058 4122 1133 4189; x_wconf 89' lang='lat' dir='ltr'>libri</span> <span class='ocrx_word' id='word_1_258' title='bbox 1144 4123 1288 4213; x_wconf 92' lang='lat' dir='ltr'>partibus</span> 
     </span>
     <span class='ocr_line' id='line_1_36' title="bbox 171 4231 1155 4324; baseline -0.002 -27"><span class='ocrx_word' id='word_1_259' title='bbox 171 4241 186 4314; x_wconf 74' lang='lat' dir='ltr'>s</span> <span class='ocrx_word' id='word_1_260' title='bbox 204 4257 223 4297; x_wconf 85' lang='lat'>2</span> <span class='ocrx_word' id='word_1_261' title='bbox 241 4234 290 4298; x_wconf 86' lang='lat' dir='ltr'>vel</span> <span class='ocrx_word' id='word_1_262' title='bbox 303 4241 319 4315; x_wconf 69' lang='grc'>5</span> <span class='ocrx_word' id='word_1_263' title='bbox 333 4239 366 4314; x_wconf 74' lang='grc'>4,</span> <span class='ocrx_word' id='word_1_264' title='bbox 385 4250 418 4298; x_wconf 93' lang='lat' dir='ltr'>et</span> <span class='ocrx_word' id='word_1_265' title='bbox 425 4237 499 4320; x_wconf 88' lang='lat' dir='ltr'>jure</span> <span class='ocrx_word' id='word_1_266' title='bbox 512 4233 656 4324; x_wconf 87' lang='lat' dir='ltr'>quidem,</span> <span class='ocrx_word' id='word_1_267' title='bbox 672 4235 817 4300; x_wconf 91' lang='lat' dir='ltr'>nondum</span> <span class='ocrx_word' id='word_1_268' title='bbox 832 4233 1030 4298; x_wconf 83' lang='lat' dir='ltr'>exstantibus</span> <span class='ocrx_word' id='word_1_269' title='bbox 1042 4231 1155 4296; x_wconf 89' lang='lat' dir='ltr'>causis.</span> 
     </span>
    </p>

    <p class='ocr_par' dir='ltr' id='par_1_19' title="bbox 216 4339 1288 4432">
     <span class='ocr_line' id='line_1_37' title="bbox 216 4339 1288 4432; baseline -0.004 -26"><span class='ocrx_word' id='word_1_270' title='bbox 216 4341 298 4406; x_wconf 90' lang='lat' dir='ltr'>Hinc</span> <span class='ocrx_word' id='word_1_271' title='bbox 314 4340 402 4430; x_wconf 94' lang='lat' dir='ltr'>quod</span> <span class='ocrx_word' id='word_1_272' title='bbox 419 4341 496 4407; x_wconf 93' lang='lat' dir='ltr'>olim</span> <span class='ocrx_word' id='word_1_273' title='bbox 516 4341 715 4432; x_wconf 88' lang='lat' dir='ltr'>suspicabar,</span> <span class='ocrx_word' id='word_1_274' title='bbox 732 4341 853 4407; x_wconf 84' lang='lat' dir='ltr'>firmius</span> <span class='ocrx_word' id='word_1_275' title='bbox 869 4364 956 4406; x_wconf 91' lang='lat' dir='ltr'>nunc</span> <span class='ocrx_word' id='word_1_276' title='bbox 974 4339 1071 4406; x_wconf 91' lang='lat' dir='ltr'>credo</span> <span class='ocrx_word' id='word_1_277' title='bbox 1091 4339 1288 4428; x_wconf 89' lang='lat' dir='ltr'>liberiusque</span> 
     </span>
    </p>

    <p class='ocr_par' dir='ltr' id='par_1_20' title="bbox 170 4444 1288 4654">
     <span class='ocr_line' id='line_1_38' title="bbox 170 4444 1286 4542; baseline -0.002 -30"><span class='ocrx_word' id='word_1_278' title='bbox 170 4446 310 4532; x_wconf 84' lang='lat' dir='ltr'>affirmo,</span> <span class='ocrx_word' id='word_1_279' title='bbox 322 4448 587 4542; x_wconf 88' lang='lat' dir='ltr'>interpolatorem</span> <span class='ocrx_word' id='word_1_280' title='bbox 600 4448 675 4515; x_wconf 91' lang='lat' dir='ltr'>libri</span> <span class='ocrx_word' id='word_1_281' title='bbox 690 4451 739 4515; x_wconf 92' lang='lat'>111</span> <span class='ocrx_word' id='word_1_282' title='bbox 753 4448 903 4516; x_wconf 86' lang='lat' dir='ltr'>cumdem</span> <span class='ocrx_word' id='word_1_283' title='bbox 918 4471 988 4514; x_wconf 90' lang='lat' dir='ltr'>esse</span> <span class='ocrx_word' id='word_1_284' title='bbox 1000 4471 1074 4513; x_wconf 87' lang='lat' dir='ltr'>curn</span> <span class='ocrx_word' id='word_1_285' title='bbox 1087 4444 1163 4511; x_wconf 91' lang='lat' dir='ltr'>libri</span> <span class='ocrx_word' id='word_1_286' title='bbox 1171 4446 1201 4511; x_wconf 97' lang='lat' dir='ltr'>V</span> <span class='ocrx_word' id='word_1_287' title='bbox 1210 4468 1286 4510; x_wconf 89' lang='lat' dir='ltr'>auc-</span> 
     </span>
     <span class='ocr_line' id='line_1_39' title="bbox 170 4553 1288 4644; baseline -0.004 -22"><span class='ocrx_word' id='word_1_288' title='bbox 170 4573 241 4623; x_wconf 88' lang='lat' dir='ltr'>tore</span> <span class='ocrx_word' id='word_1_289' title='bbox 257 4581 266 4625; x_wconf 78' lang='lat' dir='ltr'>t</span> <span class='ocrx_word' id='word_1_290' title='bbox 285 4558 341 4625; x_wconf 86' lang='lat' dir='ltr'>sed</span> <span class='ocrx_word' id='word_1_291' title='bbox 360 4577 393 4626; x_wconf 86' lang='lat' dir='ltr'>et</span> <span class='ocrx_word' id='word_1_292' title='bbox 408 4559 525 4625; x_wconf 85' lang='lat' dir='ltr'>addam</span> <span class='ocrx_word' id='word_1_293' title='bbox 539 4584 614 4626; x_wconf 90' lang='lat' dir='ltr'>cum</span> <span class='ocrx_word' id='word_1_294' title='bbox 629 4575 760 4626; x_wconf 89' lang='lat' dir='ltr'>auctore</span> <span class='ocrx_word' id='word_1_295' title='bbox 773 4558 848 4624; x_wconf 88' lang='lat' dir='ltr'>libri</span> <span class='ocrx_word' id='word_1_296' title='bbox 864 4558 954 4642; x_wconf 89' lang='lat' dir='ltr'>VIII,</span> <span class='ocrx_word' id='word_1_297' title='bbox 969 4565 985 4640; x_wconf 70' lang='lat'>5</span> <span class='ocrx_word' id='word_1_298' title='bbox 1002 4581 1031 4626; x_wconf 90' lang='grc'>1.</span> <span class='ocrx_word' id='word_1_299' title='bbox 1048 4555 1133 4622; x_wconf 86' lang='lat' dir='ltr'>Nam</span> <span class='ocrx_word' id='word_1_300' title='bbox 1151 4553 1206 4644; x_wconf 92' lang='lat' dir='ltr'>qui</span> <span class='ocrx_word' id='word_1_301' title='bbox 1223 4553 1288 4619; x_wconf 92' lang='lat' dir='ltr'>hoc</span> 
     </span>
    </p>
   </div>
   <div class='ocr_carea' id='block_1_3' title="bbox 0 0 1598 5310">
    <p class='ocr_par' dir='ltr' id='par_1_21' title="bbox 0 0 1598 5310">
     <span class='ocr_line' id='line_1_40' title="bbox 0 0 1598 5310; baseline 0 0"><span class='ocrx_word' id='word_1_302' title='bbox 0 0 1598 5310; x_wconf 95' lang='lat' dir='ltr'> </span> 
     </span>
    </p>
   </div>
  </div>
 </body>
</html>
