3186 5310
228 403 269 465 ⁴6
551 404 809 468 ΣΙΒΥΛΛΙΑΚΩΝ
831 405 959 466 ΛΟΓΟΣ
979 406 1013 464 Α.

229 548 293 617 355
335 551 488 643 Δαίμονος
501 545 654 630 ἐξελάσει·
669 561 779 645 νεκρῶν
796 543 825 618 δ’
841 549 1049 628 ἐπανάστασις
1067 550 1176 617 ἔσται·

337 660 477 749 Κόμιιτα
491 652 648 738 πεζιύσει·
667 660 719 726 καὶ
734 660 868 752 ἐρημαίῳ
886 658 928 727 ἐνὶ
942 661 1033 751 χώρῳ

337 753 384 844 E}
397 762 496 856 ἄρτων
512 769 601 834 πέντε
620 769 672 834 καὶ
688 767 789 859 ἰχθύος
806 765 945 834 εἰναλίοιο

335 865 490 952 Χιλιάδας
503 877 619 966 κορέσει
634 876 741 958 πέντε,
759 871 800 941 τὰ
816 865 851 940 δὲ
869 871 1001 963 λείψανα
1016 873 1134 938 τούτων

337 972 465 1048 Δώδεκα
480 985 633 1073 πληρώσει
653 982 794 1072 κοφίνους
813 966 867 1074 [εἰς
886 979 1040 1072 Παρθένον
1057 963 1177 1073 ἀγῶνί

284 1186 367 1259 Εἶτα
385 1195 460 1285 πρὸς
479 1201 541 1274 τοῖς
555 1194 719 1288 εἰρημένοις
738 1192 844 1287 ἐπάγει
864 1199 883 1268 ἡ
902 1182 1057 1286 Ερυθραία
1077 1189 1119 1258 τδι
1138 1190 1206 1281 περὶ
1220 1200 1275 1269 τῆς
1297 1194 1353 1258 ε’κ-

232 1309 344 1388 μανοῦς
361 1298 413 1367 καὶ
432 1301 649 1398 άσυγγνώστου
674 1311 736 1369 τῶν
756 1301 959 1394 κυριοκτόνων
984 1300 1123 1390 τόλμης,
1144 1300 1196 1365 καὶ
1219 1307 1274 1374 τῆς
1295 1290 1352 1364 διὰ
1446 1310 1448 1313 ’

232 1415 326 1474 τοῦτο
348 1410 508 1502 γενομένης
530 1414 673 1487 κινήσεως
685 1400 778 1477 τοῦδε
796 1415 850 1477 τοῦ
868 1409 993 1488 παντὸς,
1012 1406 1135 1483 καὶτῆς
1155 1414 1218 1474 τῶν
1236 1415 1351 1498 νεκρῶν
1419 1406 1430 1418 “

228 1506 434 1601 άναόιώσειυς,
445 1519 580 1610 λέγουσα
595 1508 696 1585 τάδε·

228 1727 293 1809 θθο
387 1726 451 1797 Καὶ
469 1731 542 1797 τότε
564 1721 593 1797 δ’
613 1714 648 1796 lc
668 1732 726 1804 αὴλ
747 1729 969 1821 μεμεθυσμίνος
987 1728 1056 1820 οὐχὶ
1073 1730 1188 1816 νοήσει,

333 1827 420 1901 Οὐδὲ
441 1836 493 1929 μὲν
513 1756 664 1930 [ἐνθησιιθ
681 1832 889 1928 βιόαρηριένος
902 1839 990 1905 οὔασι
1006 1842 1145 1915 λεπτοῖς.

331 1930 409 2010 Ᾰλλ’
424 1943 541 2011 ὁπόταν
557 1928 702 2037 Εὐραίοις
721 1937 779 2036 ἥξη
799 1943 891 2035 χόλος
911 1942 1052 2034 ὐψίστοιυ

335 2048 561 2143 Οίστρομανης,
580 2048 632 2118 καὶ
651 2049 754 2118 πίστιν
770 2053 888 2117 ἑαυτῶν
909 2046 1110 2142 ἐξαφελεῖται,

334 2157 483 2251 Οὐράνιον
502 2161 552 2225 ὅτι
566 2149 667 2226 παῖδα
681 2162 760 2226 Θεοῦ
782 2148 1019 2237 διεδηλήσαντο,

228 2263 292 2332 365
335 2263 400 2331 Καὶ
418 2267 492 2333 τότε
508 2256 547 2338 δὴ
567 2267 719 2358 κολάφους
737 2266 790 2333 καὶ
807 2267 978 2360 πτύσματα
1000 2264 1220 2358 φαρμακόεντα

340 2358 454 2464 ίσραηλ
468 2363 561 2439 δώσει
575 2381 720 2464 μυσαροῖς
736 2372 777 2439 ἐνὶ
795 2374 910 2464 χείλεσι
927 2374 1040 2460 τούτῳ.

336 2478 392 2557 Εἰς
411 2470 446 2544 δὲ
464 2479 501 2545 τύ
522 2481 632 2570 βρῶμα
651 2484 745 2571 χολην
767 2478 818 2546 καὶ
837 2479 877 2556 εἰς
897 2481 995 2548 πότον
1015 2473 1083 2558 ὅξος
1107 2476 1240 2571 ἄκρατον

271 2636 274 2643 .
337 2578 513 2661 Δυσσεόίως
533 2575 678 2668 δώσουσι,
696 2596 782 2673 κακῷ
802 2580 1002 2677 βεόοληριίνοι
1016 2586 1127 2677 οἴστρῳ

337 2692 460 2768 Στηθεα
478 2690 532 2757 καὶ
544 2682 687 2783 κραδίην,
707 2689 785 2782 άτύιρ
803 2691 936 2784 όμριασιν
956 2695 1011 2760 οὐκ
1027 2697 1203 2786 ἐσορῶντες,

240 2803 306 2891 370
346 2798 535 2889 Τυφλότιροι
551 2798 732 2883 σπαλάκων,
750 2792 953 2891 φοόιρώτεροι
973 2803 1171 2894 ίρπυστηρων

341 2909 451 2994 Θηρῶν
466 2898 606 2984 ἱυόόλων,
629 2907 715 2996 βαρέϊ
735 2896 941 2997 πεπεδημένοι
955 2910 1053 2996 ὐπνῳ.

392 2999 470 3078 Ᾰλλ’
490 3013 563 3078 ὅταν
580 3010 733 3104 ἐκπετάσιρ
748 3016 852 3105 χεῖρας
866 3015 917 3080 καὶ
936 3014 1039 3082 πάντα
1057 3019 1206 3105 μιτρηση,

342 3118 405 3188 Καὶ
420 3119 569 3213 στέφανον
594 3120 706 3212 φορέση
721 3120 773 3187 τύν
789 3117 960 3206 ἀκάνθινον,
979 3113 1035 3195 ἠδέ
1050 3146 1085 3215 γε
1101 3116 1233 3213 πλευρὰν
1318 3182 1329 3206 .

344 3219 467 3304 Νὐξωσι
486 3222 669 3319 καλάμοισιν
686 3192 771 3316 (ὅτου
789 3226 877 3320 χάριν
896 3230 926 3294 έν
940 3227 1037 3320 τρισὶν
1056 3232 1147 3322 ῶραις

242 3335 304 3427 375
346 3327 413 3412 Νὺξ
427 3335 515 3400 ἔσται
533 3334 704 3401 σ’κοτόεσσα
718 3335 865 3427 πελώριος
884 3334 984 3426 ἤματι
1007 3322 1139 3427 ριίσσῳ)·

345 3440 407 3508 Καὶ
421 3440 493 3506 τότε
509 3431 549 3513 δὴ
571 3441 643 3519 ναύς
662 3442 851 3532 Σολομώνιος
870 3437 1053 3534 ἀνθρώποισι

342 3548 433 3638 Σῆμα
448 3547 515 3641 μέγ’
535 3548 696 3630 έκτελέσει,
716 3549 831 3616 ὐπόταν
847 3538 1000 3626 Ᾰίδωνέος
1015 3544 1096 3616 οἶκον
1158 3590 1161 3595 >

342 3659 489 3740 Βησεταε,
508 3652 664 3747 ἀγγέλλων
683 3656 890 3730 ἐπανάστασιν
911 3655 1081 3722 τεθνεῶσιν.

343 3758 451 3849 Αὐτὰρ
473 3762 547 3832 ἐπὴν
563 3758 635 3854 ἔλθῃ
655 3761 751 3852 τρισὶν
769 3762 883 3852 η”ριασιν
899 3765 928 3840 ἐς
949 3762 1024 3853 φάος
1043 3758 1139 3843 αὐθις,

239 3872 303 3938 380
343 3867 407 3934 Καὶ
426 3859 509 3959 δείξῃ
529 3866 666 3938 θνητοῖσι
684 3850 828 3962 [τόπον],
844 3867 896 3934 καὶ
914 3869 1018 3936 πάντα
1037 3860 1163 3961 διδάξῃ,

233 4089 267 4102 -
289 4065 348 4122 8⁰0,
361 4077 415 4127 sqq.
429 4060 511 4110 Paccio
524 4069 549 4110 ct
565 4074 630 4110 ιιιοτε
643 4058 744 4112 eluisti.
763 4089 794 4098 -
807 4063 867 4125 ³19,
889 4077 942 4128 cqq.
956 4061 1110 4114 Resurrectio
1127 4061 1218 4113 Christi
1234 4072 1258 4112 et
1273 4079 1357 4113 asceu-

238 4145 323 4198 cusin
333 4145 436 4204 coelum;
449 4143 563 4195 Ecclesiae
585 4143 664 4210 prima
683 4144 814 4196 institutio.
831 4174 862 4183 —

269 4294 325 4341 355.
343 4289 392 4341 cfr.
409 4288 473 4346 vul.
486 4293 542 4341 205.
846 4296 903 4343 359.
924 4291 952 4342 ln
969 4292 1018 4342 fine
1033 4309 1078 4356 pro
1094 4293 1126 4349 εἰς
1142 4295 1266 4360 Παρθένον
1281 4296 1357 4359 ἁγνήν

269 4369 327 4424 351,
342 4383 395 4431 sqq.
416 4367 475 4415 Tres
491 4382 573 4415 versus
591 4383 621 4416 cx
639 4365 702 4425 vul,
718 4370 777 4424 275,
811 4366 906 4432 legetur
917 4368 961 4418 lib.
974 4366 1038 4428 vul,
1054 4371 1113 4432 ²77,
1136 4369 1169 4425 εἰς
1189 4369 1272 4418 ἐλπίδα
1293 4371 1358 4421 λαῶν

236 4458 287 4509 sqq.
298 4441 325 4490 ln
335 4441 381 4490 hoc
391 4441 516 4490 addiderat
532 4442 596 4492 Ccct.
611 4443 663 4507 ἅμα
673 4450 726 4508 post
736 4441 778 4508 ιἰρ-
812 4459 855 4492 σευ
866 4445 971 4501 πολλῶν,
986 4442 1027 4492 ubi
1041 4443 1095 4492 vide
1108 4453 1159 4494 not.

235 4534 285 4570 τιον
298 4533 327 4568 cx
337 4518 422 4568 eodem
434 4517 513 4578 libro;
526 4533 570 4567 nos
582 4517 727 4569 Ιιιεειίεοιιιε.
846 4520 903 4569 361.
924 4517 1001 4568 Codd.
1018 4518 1135 4583 αὐδήσει,
1147 4518 1190 4569 ubi
1209 4536 1253 4570 nos
1267 4537 1281 4571 c
1299 4524 1360 4571 Tur·
