3186 5310
462 417 750 482 slaihtlnonuu
771 418 845 480 LIB.
868 419 921 495 111,
942 419 962 503 ξ
980 424 1010 482 2.

180 553 239 633 145
264 551 384 642 Europi
396 569 525 618 manant
537 553 659 632 latices,
678 552 772 643 inque
786 576 913 641 aequora
927 571 1064 644 per-gunt

263 661 370 724 Peneo
380 659 482 739 mixti,
497 677 528 725 et
541 660 653 752 Stygio
670 659 860 749 cognomine
873 660 989 728 tristes.

264 770 324 832 Ast
338 767 393 831 ubi
410 767 533 832 furtivis
550 766 730 832 didicerunt
748 791 890 832 crescere
905 767 988 833 curis

263 874 391 940 Titanes
404 891 529 965 partam
544 876 682 939 Saturno
701 891 733 940 et
748 879 884 966 conjuge
903 875 1039 965 prolem,

264 982 431 1071 Sexaginta
445 1005 560 1072 parens
575 981 670 1047 Titan
685 999 779 1048 vocat
796 982 937 1073 undique
952 1001 1055 1062 natos,

181 1089 241 1153 150
264 1089 437 1154 Saturnum
452 1088 582 1173 invadit,
600 1112 737 1178 cumque
755 1089 822 1179 ipsa
834 1091 969 1177 conjuge
984 1091 1125 1157 vinctum

266 1196 333 1260 Sub
353 1213 472 1262 terram
488 1195 597 1274 mittit,
619 1195 822 1286 tenebrisque
836 1195 970 1262 includit
986 1198 1105 1286 opacis.

266 1302 396 1368 Audivit
410 1304 511 1392 pubes
527 1301 692 1382 Saturnia,
708 1326 767 1368 neo
783 1327 885 1387 mora,
903 1304 990 1369 bello

266 1412 365 1474 Arma
382 1409 477 1498 rapit,
493 1410 668 1498 turbasque
685 1408 759 1487 ciet,
778 1409 943 1500 rixamque
963 1428 1139 1480 cruentam.

266 1518 371 1604 Atque
386 1514 461 1581 hinc
476 1516 665 1605 principium
677 1514 753 1580 belli
773 1517 960 1583 mortalibus
976 1536 1095 1604 ortum,

183 1625 242 1690 155
267 1626 343 1688 Haec
363 1623 451 1688 labes
468 1622 539 1706 luit,
557 1639 591 1687 et
603 1639 766 1688 tantorum
781 1647 873 1689 causa
888 1624 1058 1694 malorum.

267 1733 351 1795 Tum
364 1733 450 1795 Deus
465 1729 562 1794 exitio
580 1729 710 1794 Titanas
723 1725 832 1809 'misit3
854 1749 887 1796 et
904 1756 1001 1798 omne

267 1838 418 1902 Titanum
434 1837 529 1927 periit
547 1860 646 1924 genus
663 1853 696 1901 et
711 1837 859 1902 Saturnia
875 1840 995 1929 proles.

311 1946 389 2009 Post
400 1944 469 2009 haeo
485 1943 623 2009 surrexit
638 1945 780 2029 tandem,
794 1944 996 2011 volventibus
1011 1946 1114 2030 annis,

267 2051 398 2140 AEgypti
416 2074 563 2140 regnum.
580 2051 751 2114 Persarum
768 2049 884 2116 deinde
901 2071 1047 2117 secutum
1060 2070 1120 2132 est,

185 2160 244 2244 rb'o
268 2157 450 2235 Medorum,
466 2154 732 2246 AEthiopumque,
750 2172 846 2246 atque
859 2157 996 2247 Assyriae
1008 2160 1191 2249 Rabylonis.

228 2325 230 2328 ,
270 2263 348 2328 Inde
363 2262 561 2329 Macedoniae
578 2286 724 2350 regnum,
742 2263 940 2354 AEgyptique
952 2268 1148 2352 secundum,

269 2370 413 2458 Denique
428 2371 623 2434 Romanum.
642 2368 703 2436 Sed
718 2385 796 2434 tunc
809 2370 889 2434 mihi
900 2372 1046 2439 sensibus
1063 2372 1135 2437 imis

269 2477 341 2539 Vox
354 2475 472 2565 allapsa
486 2474 557 2553 Dei,
577 2473 699 2540 cunctis
716 2476 845 2541 oracula
868 2476 961 2542 terris

268 2582 417 2648 Fundere
430 2583 594 2673 praecepit,
611 2581 802 2673 populisque
815 2600 847 2647 et
861 2584 990 2671 regibus
1002 2609 1114 2651 omnes

186 2691 245 2757 165
269 2692 423 2755 Fatorum
439 2706 582 2767 eventus,
599 2713 635 2754 ao
650 2687 791 2779 primum
807 2689 929 2780 singula
950 2691 1008 2756 fari

269 2799 380 2885 Regna
397 2796 576 2875 hominum,
591 2795 691 2861 saeclis
706 2820 777 2885 quae
789 2797 852 2860 sint
867 2797 988 2863 oritura
1005 2798 1130 2865 futuris.

314 2905 419 2970 Prima
437 2903 552 2969 domus
570 2920 691 2968 crescet
706 2904 905 2986 Salotnonia,
926 2927 997 2994 quae
1017 2924 1106 2995 reget
1127 2931 1237 2973 omnes

271 3011 435 3077 Phoenices
454 3010 600 3101 Asiaeque
619 3009 715 3088 viros,
736 3026 769 3074 et
785 3009 810 3073 si
826 3032 887 3099 qua
902 3010 1121 3103 propinquum

271 3121 375 3184 Insula
389 3118 464 3184 litus
478 3117 590 3199 babet,
608 3118 732 3198 Persas,
750 3119 921 3207 Ceresque,
938 3119 1158 3209 Phrygesque,

189 3249 249 3314 ¹7⁰
272 3225 480 3316 Pamphylos,
495 3225 619 3313 Mysos,
633 3239 666 3287 et
676 3223 841 3313 Lydorum
861 3247 957 3288 aurea
974 3249 1061 3290 rura.

316 3334 405 3412 Post,
423 3330 526 3398 Graeci
539 3327 710 3419 imperium
723 3330 862 3418 capient,
877 3329 938 3395 diri
954 3348 1051 3421 atque
1063 3332 1205 3422 superbi,

272 3439 366 3504 Unde
379 3436 576 3503 Macedoniae
587 3435 727 3526 populus
743 3435 963 3502 dominabitur
974 3438 1098 3531 ingens,

273 3546 434 3611 bellorum
453 3543 615 3609 horrenda
632 3566 799 3632 pressums
816 3545 901 3610 nube
916 3562 1073 3635 nepotes:

186 3751 222 3803 tio
231 3752 263 3803 ad
275 3753 426 3820 praedicenda
437 3765 568 3817 regnorum
581 3759 606 3801 et
624 3749 772 3816 populorum
785 3747 846 3799 lata.
856 3777 887 3787 -
901 3751 958 3809 tut,
976 3765 1030 3815 sqq.
1046 3748 1183 3800 Salomonis
1196 3764 1308 3815 regnum.

188 3866 218 3875 —
236 3842 352 3903 ttl-rts,
366 3837 444 3889 Graeci
457 3847 483 3887 et
496 3837 646 3887 Macedones.
659 3862 690 3872 —

223 4019 277 4067 161.
295 4014 369 4064 Codd.
380 4013 432 4073 alii,
447 4013 554 4077 δεσμοῖς.
762 4009 843 4074 φύλων
859 4026 865 4061 ;
881 4011 923 4060 sed
942 4010 1014 4070 alias,
1031 4009 1169 4076 etquidem
1184 4011 1269 4078 saepius
1283 4011 1309 4061 iu

223 4095 277 4141 151.
296 4089 446 4158 Theophilus
459 4087 575 4137 Antioch.
591 4085 660 4152 11,ss
675 4088 703 4137 st
722 4099 728 4133 :
762 4083 896 4151 Sibyllinis,
906 4087 1067 4151 Παμφυλίων,
1078 4085 1306 4136 moentiorelorma.

182 4167 253 4231 Abs-q
272 4169 334 4233 ἀρχὴ
351 4166 450 4228 ἐγένετο
463 4164 549 4230 πρώτη
565 4161 610 4212 τοῦ
624 4163 731 4226 γίνεσθαι
762 4159 791 4210 ln
804 4159 851 4211 hoc
865 4160 950 4227 utique
965 4178 1014 4228 prta
1029 4160 1117 4212 ceteris
1127 4161 1232 4226 antiquo
1245 4161 1309 4210 libro

187 4244 308 4307 πολέμους
320 4242 358 4291 lul
368 4242 412 4301 τῆς
425 4240 478 4303 γῆς,
487 4239 528 4287 sed
540 4238 570 4286 de
584 4236 632 4286 alia
644 4253 678 4286 re.
762 4235 868 4301 priorem
888 4236 1035 4303 scripturam
1059 4236 1134 4303 magis
1158 4236 1308 4303 probandaln

225 4322 279 4369 155.
299 4320 338 4366 An
352 4315 481 4365 delendum
492 4304 628 4377 tautologiae
642 4316 731 4362 causa²
762 4320 883 4376 putamus,
896 4319 920 4360 et
932 4311 967 4360 sic
977 4310 1051 4371 infra,
1065 4315 1114 4363 209
1128 4322 1153 4360 et
1167 4314 1223 4360 515.

223 4397 278 4445 165.
297 4391 344 4442 Pro
359 4393 435 4456 μόνος
447 4406 479 4440 an
491 4390 560 4453 vo'o?
572 4387 622 4436 etr.
638 4389 695 4436 296.
798 4390 852 4438 112.
865 4386 941 4436 Codd.
954 4386 1011 4437 cillo
1023 4402 1028 4435 :
1039 4388 1080 4436 sed
1089 4387 1148 4436 ἀλλά
1155 4394 1190 4433 est
1197 4399 1242 4449 pro
1256 4385 1308 4437 καί.

224 4473 280 4520 166.
299 4465 384 4518 llelius
397 4483 454 4516 sane
465 4465 579 4516 ὁππόσαι.
800 4464 855 4512 113.
875 4461 950 4511 Codd.
973 4463 1061 4522 ἥξουσι
1076 4479 1082 4511 ;
1101 4461 1142 4509 sed
1157 4456 1257 4508 omnino
1277 4459 1311 4511 si·

226 4546 282 4597 tos.
301 4541 341 4595 Sic
351 4541 423 4593 codd.
432 4540 480 4592 hoc
486 4538 585 4607 quidem
596 4538 652 4589 loco
660 4538 733 4603 Παμ-
764 4536 886 4605 byllinum
900 4547 936 4588 est
950 4533 1030 4589 ἀΐσσω
1039 4534 1164 4605 relqiocu,
1179 4547 1250 4583 sensu
1260 4534 1311 4586 aive
