3186 5310
583 404 867 473 matutinorum
888 408 959 472 ΜΒ.
981 408 1031 474 tv.

330 535 413 601 'l'um
428 538 545 628 corpus
556 539 653 607 lluvio
669 559 775 611 totum
788 544 928 610 meriste
943 547 1106 634 perenui;·

247 638 305 704 165
331 643 371 706 Et
383 647 531 712 manibus
542 648 645 737 passis
655 649 698 714 ad
711 648 779 714 caeli
794 650 926 740 templa,
941 651 1089 742 priorum

331 749 456 815 Poscite
466 749 632 843 culparum
644 755 783 838 reniam,
799 779 948 846 reperere
961 776 1106 848 petentes

331 857 431 946 Impia
446 859 528 925 facta
541 862 612 952 piis.
632 863 715 928 Nam
731 863 777 929 sio
791 866 877 930 Deus
894 864 963 955 ipse
981 866 1120 934 vicissim

328 956 504 1032 Consilium
515 982 632 1052 vertet,
648 966 814 1059 facilisque
826 970 1046 1058 precantibus,
1060 972 1142 1039 iram

333 1069 490 1158 Deponet,
505 1073 531 1138 si
546 1098 601 1140 vos
619 1075 745 1164 pietatis
754 1077 827 1161 jura
840 1075 966 1145 colatis.
1067 1106 1070 1111 ·

245 1193 305 1259 ¹7⁰
328 1173 382 1238 Sin
397 1200 471 1242 vero
485 1178 652 1263 indociles,
669 1191 766 1270 atque·
776 1180 951 1272 impietatis
963 1201 1120 1267 amantes,

330 1281 480 1371 Accipitis
494 1287 600 1374 pravis
612 1287 680 1351 haeo
694 1288 838 1370 auribus,
854 1288 927 1378 igue
942 1287 1087 1379 flagrabit

327 1388 485 1466 Mundus3
502 1408 535 1456 et
545 1391 598 1456 illa
611 1393 742 1482 quidem
755 1394 888 1483 perituri
905 1395 993 1486 sigua
1007 1425 1014 1461 ε
1029 1396 1183 1463 micantes

329 1493 420 1559 Circa
434 1513 538 1561 ortum
550 1498 625 1562 solis
637 1499 747 1588 gladii,
765 1522 961 1591 magnusque
977 1504 1126 1570 tubarum

327 1599 477 1688 Clangor,
493 1619 526 1668 et
538 1603 702 1671 immensis
716 1607 853 1671 reboans
864 1607 1039 1698 mugitibus
1053 1609 1154 1676 orbis.

244 1704 302 1792 175
328 1705 411 1771 Hinc
427 1725 515 1774 vasta
529 1709 655 1775 ardebit
668 1711 778 1778 tellus:
795 1709 888 1778 simul
904 1730 936 1778 et
948 1736 1049 1802 genus
1061 1739 1158 1782 omne

327 1814 524 1897 Humanum,
540 1833 724 1908 cunctoque
741 1820 851 1901 urbes,
867 1834 900 1885 et
912 1838 1045 1910 pontus,
1065 1838 1098 1887 et
1111 1846 1233 1904 amnes,

328 1919 444 1985 Omnia
457 1923 561 2010 pulvis
575 1941 669 1989 eruut
682 1941 715 1989 et
727 1925 844 1990 mixtus
859 1926 988 2014 pulvere
1006 1928 1123 1995 fumus.

372 2027 435 2092 Sed
449 2045 619 2118 postquam
633 2029 666 2093 in
680 2047 792 2099 tenues
806 2031 922 2097 mutari
935 2050 1051 2099 cuncta
1063 2032 1182 2100 favillas

326 2133 462 2216 Fecerit,
478 2158 692 2225 accensosquc
705 2135 767 2201 sibi
781 2136 933 2226 sopiverit
947 2137 1055 2227 ignes,

242 2240 303 2303 180
328 2240 475 2304 Humana
488 2241 594 2330 specie
608 2241 749 2307 cinerem
763 2244 851 2308 Deus
870 2265 1008 2333 ossaque
1027 2269 1136 2311 rursus

326 2345 454 2427 luduet,
474 2370 511 2411 ac
526 2346 659 2435 proprio
673 2346 762 2414 vivos
776 2347 810 2414 iu
824 2372 960 2437 corpore
974 2349 1075 2417 sistet.

325 2453 367 2516 Et
379 2468 456 2518 tuuc
465 2452 578 2538 judicii
597 2469 736 2541 tempus,
752 2479 818 2544 quo
829 2455 952 2541 judicet
965 2458 1078 2522 orbem

326 2558 551 2648 Omnipotens.
569 2560 773 2649 Quicumque
788 2561 879 2626 malae
892 2584 927 2626 sc
946 2561 1080 2629 crimine
1095 2564 1217 2632 fraudis

325 2663 512 2746 Polluerint,
528 2665 644 2750 injecta
658 2665 774 2731 iterum
789 2668 904 2732 tellure
919 2685 1079 2757 tegentur,

240 2770 300 2835 185
324 2771 481 2835 Tartareis
493 2771 592 2837 clausi
606 2772 749 2838 tenebris
765 2790 798 2838 et
814 2791 909 2840 nocte
923 2776 1099 2842 Gehenuae.

323 2876 442 2944 Contra
455 2877 572 2942 iterum
586 2877 726 2961 interris
739 2878 847 2944 vivent
858 2881 985 2971 pietatis
1000 2881 1111 2964 amici,

313 2983 473 3048 'Numinis
488 2984 597 3048 aeterni
612 3008 709 3073 regna
728 2984 878 3050 inviolata
893 2987 1048 3070 colentes,

324 3089 428 3153 Dante
441 3091 511 3154 Deo
524 3089 635 3154 ilatum
649 3107 682 3155 et
699 3091 808 3171 vitam,
823 3115 922 3180 quam
936 3110 1045 3158 sancta
1056 3094 1167 3159 beabit

231 3321 288 3371 cup.
312 3308 336 3361 1,
354 3304 421 3354 bunc
430 3320 526 3354 versum
545 3314 570 3354 et
584 3303 690 3369 reliquos
701 3320 777 3369 usque
846 3308 900 3355 182.
921 3304 986 3354 Olim
1002 3305 1083 3365 locor,
1104 3316 1130 3356 et
1150 3305 1185 3356 sic
1204 3306 1291 3366 Clem,
1314 3305 1357 3356 utri

230 3381 264 3431 ad
276 3378 334 3429 libri
346 3379 417 3446 hujus
427 3379 500 3430 finem
514 3380 574 3430 citat
590 3389 614 3429 et
627 3379 722 3446 probat,
731 3379 778 3428 ali·
809 3395 853 3430 nos
865 3396 921 3430 cum
932 3379 1001 3429 noris
1013 3380 1085 3430 codd.
1099 3379 1191 3431 ἔσσετ’.

231 3453 292 3520 quid
304 3455 362 3505 licet
379 3454 411 3505 ab
431 3454 550 3504 hodierna
567 3453 690 3519 theologia
706 3453 778 3503 dille·
845 3457 901 3506 184.
920 3449 996 3505 clem.
1015 3457 1128 3522 ἥμαρτον
1148 3455 1245 3516 θνητοὶ,
1262 3455 1321 3513 τοὺς
1335 3456 1358 3506 δ’

231 3540 322 3580 rentes.
338 3531 415 3581 lmmo
427 3531 547 3596 pleniores
559 3529 618 3580 citat
631 3546 705 3595 mam
718 3529 777 3578 olim
808 3523 839 3582 sl
851 3532 927 3581 ndis:
945 3531 987 3579 sed
999 3546 1082 3580 omnes
1092 3532 1163 3581 codd.
1178 3541 1204 3581 ut
1218 3547 1271 3582 uos.

229 3602 489 3656 circumferebantur:
508 3606 569 3655 duos
589 3604 655 3655 euim
672 3604 777 3668 integros
844 3608 899 3655 185.
919 3604 984 3656 Olim
994 3605 1077 3656 deerat
1091 3606 1239 3657 bierersus:
1251 3606 1292 3656 sed
1302 3608 1359 3656 red-

232 3680 317 3744 sddit,
332 3685 389 3743 181,
403 3697 451 3747 sq„
471 3698 527 3732 cum
540 3690 656 3746 sequente
667 3677 777 3730 hemisti-
807 3680 890 3729 didere
916 3681 973 3731 novi
996 3681 1083 3739 codd,
1105 3697 1135 3731 ex
1156 3681 1246 3746 quibus
1273 3681 1357 3732 attulit

231 3754 305 3820 chio,
317 3757 382 3806 uude
395 3756 426 3806 ab
446 3756 565 3823 Opsopoeo
585 3754 690 3805 restituti
708 3763 772 3803 suut.
807 3754 896 3805 Friedl.
905 3771 913 3817 3
932 3754 1044 3820 idemque
1058 3755 1163 3820 firmarit
1175 3772 1256 3806 veram
1272 3755 1358 3806 lectio·

231 3830 293 3882 Novi
317 3832 388 3882 codd.
410 3833 530 3883 Clementi
552 3824 731 3897 astipulentur,
751 3837 777 3878 et
795 3832 970 3903 lueeroqlq
980 3847 1025 3896 pro
1036 3847 1084 3896 qua
1098 3847 1142 3880 uos
1156 3831 1287 3896 aliquando
1297 3849 1357 3882 στυ-

232 3924 308 3957 unum
322 3907 395 3958 etiam
408 3924 504 3957 versum
516 3909 621 3970 addunt,
633 3908 692 3959 185.
807 3907 877 3972 γερή,
893 3905 989 3972 decepti
998 3905 1093 3956 schedis
1106 3906 1200 3956 nostris

268 3985 322 4033 tta.
340 3983 409 4048 Vulg.
422 3993 448 4032 ut
459 3999 512 4043 nos,
523 3985 601 4048 ὅσπερ
616 3983 720 4047 ἀνῆψεν,
734 3979 779 4029 ubi
846 3984 900 4031 188.
920 3980 996 4031 Clem.
1006 3982 1079 4031 locor
1093 3981 1113 4030 δ’
1123 3980 1290 4040 εὐσιὸέουσιν,
1300 3982 1357 4032 ὅσοι

232 4058 288 4108 nori
300 4059 372 4108 codd.
383 4061 477 4125 ὥσπερ.
493 4057 604 4107 Clemens
617 4059 678 4121 ὅπερ
694 4065 779 4105 contra
810 4054 906 4115 ζὴσοντ’
922 4057 956 4107 ἐνὶ
970 4056 1069 4120 κόσμῳ.
1091 4056 1161 4106 Nuuc
1177 4056 1272 4106 codices
1282 4071 1357 4106 noros

232 4143 344 4192 metrum,
360 4133 439 4199 quiet
455 4135 527 4200 paulo
541 4142 598 4182 aute
610 4131 709 4196 ἄφθιτος
720 4129 780 4178 scri·
810 4130 945 4195 sequimur.

231 4218 312 4277 pectet
325 4224 370 4276 pro
386 4208 503 4259 ἄσπετον.
688 4216 693 4223 “
848 4209 904 4256 181.
924 4205 988 4263 Olim
1005 4207 1088 4255 deerat
1112 4204 1154 4255 bic
1172 4222 1271 4256 versus:
1291 4205 1358 4254 deest

268 4288 324 4335 188.
344 4283 408 4335 Olim
422 4283 448 4333 in
460 4284 518 4342 sine,
528 4282 657 4348 drdpoquo
670 4282 777 4347 ἀνδρῶν.
811 4281 885 4331 etiam
895 4282 1023 4331 Clementi.

268 4362 324 4416 181.
343 4359 389 4409 llic
402 4375 485 4409 sersus
497 4375 553 4409 cum
563 4356 687 4422 sequentis
698 4355 780 4423 priore
848 4360 904 4406 188.
921 4355 985 4406 Olim
998 4357 1039 4406 καὶ
1050 4357 1102 4421 βίον
1114 4355 1171 4404 :sed
1180 4355 1237 4404 novi
1251 4354 1321 4404 codd.
1334 4363 1359 4404 et

232 4444 301 4504 perte
319 4434 404 4485 aberet
421 4433 489 4500 prius
506 4433 630 4499 evulgata
647 4448 654 4482 :
672 4432 781 4483 restituit
811 4430 930 4488 Clemens,
940 4441 968 4481 ut
978 4447 1031 4490 uos,
1040 4431 1082 4482 καὶ
1092 4431 1172 4498 χάριν.
1183 4429 1273 4482 Confer
1283 4428 1357 4480 etiam

231 4509 290 4579 Ops.
305 4509 468 4573 eClcmente,
482 4509 613 4574 laventque
631 4507 688 4558 uoti
706 4507 778 4558 codd.
811 4523 895 4573 supra,
907 4510 948 4557 18.
