3186 5310
602 425 816 486 PRAEFATIO.
1215 442 1273 488 ruu

155 583 226 624 rum
239 560 305 624 sive
315 559 409 623 etiam
420 559 607 623 saeculorum
620 558 820 623 intervallum
833 558 1074 623 concederetur.
1091 559 1188 642 Quod
1203 559 1270 648 ipse

154 664 334 730 faciendum
350 665 528 730 curavitlris
542 664 698 743 versibus,
719 667 775 744 lll,
794 666 951 754 314,sqq.
968 691 975 729 ε

244 776 284 839 Εῑ
300 773 357 839 tibi
381 798 494 863 magna
512 774 615 839 aderit
628 773 748 854 clades,
764 773 915 863 AEgypte,
937 790 1068 862 tuasque

247 881 363 947 Inviset
381 884 505 947 funesta
522 883 649 958 domos,
671 881 716 944 nil
732 880 793 944 tale
811 879 967 958 timentis,

245 991 477 1079 Incumbetque
491 990 549 1054 tibi
565 987 735 1078 dispersio,
752 1012 913 1076 morsque,
931 989 1094 1078 famesque

245 1097 387 1187 Septima
401 1122 499 1187 quum
514 1122 626 1188 regum
644 1095 739 1187 stirps
753 1095 876 1161 venerit
894 1124 901 1160 :
920 1094 996 1161 inde
1007 1097 1161 1187 quiesces.

156 1203 305 1268 Notanda
324 1206 460 1269 maxime
472 1207 570 1270 rerba
582 1204 640 1270 ista
654 1232 661 1268 ε
678 1235 689 1258 ι
708 1203 782 1269 inde
794 1202 936 1292 quiesces
954 1236 983 1286 r,
997 1227 1066 1293 quae
1077 1228 1142 1268 non
1153 1220 1274 1268 temere

157 1332 261 1398 neque
277 1310 388 1374 leviter
399 1313 484 1397 jacta
500 1335 568 1375 csse
585 1326 739 1375 monstrat
754 1310 867 1374 ductus
885 1309 958 1374 binc
978 1309 1144 1375 manifesto
1159 1309 1207 1374 vel
1222 1333 1276 1399 pa·

157 1416 221 1479 lam
247 1416 310 1481 huc
332 1417 504 1505 respiciens
523 1417 597 1482 libri
618 1418 647 1479 V
674 1441 782 1482 versus
808 1418 887 1503 457,
911 1416 952 1481 de
978 1417 1161 1507 Cleopatra,
1189 1416 1276 1481 velut

157 1521 267 1612 quinta
279 1541 352 1612 post
368 1524 622 1589 philometorem
636 1542 805 1613 regnatura
822 1552 828 1588 ι

245 1632 287 1695 At
305 1655 421 1720 genere
439 1635 472 1696 in
489 1632 603 1721 quinto
619 1648 787 1721 postquam
804 1629 844 1695 de
861 1631 952 1696 clade
964 1631 1082 1720 quierit

245 1738 446 1827 AEgyptusn.
681 1822 684 1828 .

157 1845 311 1926 Quanam
333 1847 419 1912 enirn
439 1847 493 1911 illa
507 1847 626 1927 clades,
642 1863 697 1911 aut
710 1870 773 1935 qno
796 1846 933 1936 pertinet
956 1845 1071 1936 quietis
1088 1862 1160 1934 post
1173 1844 1275 1934 ipsam

155 1951 301 2018 mentio?
318 1978 452 2043 quemve
468 1954 542 2019 libri
563 1953 665 2043 quinti
689 1954 842 2018 lectorem
863 1953 895 2018 id
914 1953 1151 2018 intellecturum
1166 1976 1275 2042 spera-

155 2059 200 2122 vit
213 2059 349 2140 Noster,
367 2061 427 2126 nisi
443 2062 512 2127 baeo
522 2062 663 2148 scribens
685 2062 724 2126 de
747 2060 993 2150 interpolatione
1020 2085 1075 2125 sna
1092 2061 1166 2125 libri
1190 2058 1275 2125 tertii

156 2186 193 2229 ac
207 2164 247 2229 de
263 2167 317 2230 illo
336 2168 548 2246 hemistichio,
572 2199 586 2224 «
606 2165 679 2230 iude
698 2166 889 2254 quiesces»,
910 2167 1096 2254 cogitabat?
1284 2161 1288 2170 ⁹

203 2274 282 2352 Quae
299 2274 323 2335 si
339 2274 378 2337 ad
396 2273 582 2338 firmandam
610 2271 795 2361 opinionem
816 2295 919 2335 meam
945 2295 1009 2335 non
1032 2272 1160 2337 abunde
1189 2273 1275 2338 sufli-

159 2393 278 2456 cerem,
308 2379 436 2469 insuper
459 2397 670 2444 monstrarem
693 2378 835 2466 gentium
863 2378 1054 2469 urbiumque
1082 2381 1275 2446 calamitates

159 2505 238 2570 quas
255 2484 323 2551 haec
343 2486 437 2551 tertia
461 2510 534 2576 pars
551 2485 786 2573 complectitur,
812 2503 998 2552 consuetam
1017 2487 1092 2553 licet
1112 2488 1275 2577 Sibyllinis

158 2590 308 2658 omnibus
324 2594 501 2677 materiam,
524 2593 557 2658 in
575 2594 634 2658 bac
649 2609 755 2657 tamen
779 2593 982 2682 potissimum
1005 2596 1145 2661 sectione
1162 2599 1275 2662 obser-

157 2713 232 2762 vatu
241 2698 351 2789 dignas
362 2724 443 2785 esse,
456 2700 574 2790 quippe
588 2701 627 2765 ad
636 2700 763 2764 notiora
776 2717 935 2790 tempora,
949 2701 981 2766 id
991 2719 1051 2782 est,
1066 2702 1106 2767 ad
1118 2706 1276 2769 Caesarum

103 2892 106 2899 ν
158 2804 263 2869 media
289 2809 371 2873 inter
391 2810 571 2897 Augustum
592 2823 624 2871 et
645 2809 825 2873 Antoninos
845 2833 955 2898 regna,
982 2809 1188 2898 pertinentes.
1213 2811 1275 2876 Sed

158 2909 226 2975 haec
248 2915 448 2993 commodius
465 2934 666 3008 exponentur
685 2915 717 2981 in
736 2918 818 2982 notis
839 2920 899 2983 sub
924 2917 1092 2985 voluminis
1108 2918 1205 2984 finem
1226 2943 1277 2989 ree
1319 2908 1326 2925 ’

152 3015 310 3101 jiciendis.

202 3126 295 3192 Nunc
327 3130 496 3217 praemissis
524 3154 594 3219 quae
620 3130 661 3194 ad
688 3154 796 3197 rerum
826 3131 1068 3220 intelligentiam
1098 3136 1275 3201 necessaria

86 3287 88 3291 .
159 3252 260 3314 erant,
281 3236 387 3302 locum
406 3237 481 3303 licet
505 3237 593 3302 adire
620 3237 699 3301 mibi
725 3255 757 3304 et
776 3239 951 3304 clarissimo
974 3239 1108 3305 Ewaldo
1137 3243 1276 3309 maxime

159 3358 413 3429 controversum,
429 3345 624 3435 dignumque
638 3346 774 3410 maxime
787 3346 1019 3412 controversia:
1037 3349 1198 3415 nonenim
1212 3367 1274 3415 ter-

160 3451 210 3516 tiae
224 3452 321 3517 modo
339 3452 433 3539 hujus
458 3454 569 3541 partis,
593 3469 647 3516 aut
675 3450 771 3542 ipsius
801 3452 872 3515 libri
894 3454 954 3534 Ill,
979 3453 1037 3518 sed
1062 3454 1158 3521 etiarn
1177 3457 1276 3524 totius

159 3558 321 3647 sibyllina
337 3558 534 3624 collectionis
551 3557 775 3623 difficillimum
791 3558 1128 3650 obscurissimamque.

204 3665 333 3731 Initium
349 3667 390 3731 sit
402 3687 422 3732 a
434 3665 578 3730 versibus
593 3666 669 3749 381,
684 3688 770 3755 sqq,
782 3665 839 3730 ubi
851 3665 954 3755 prima
968 3667 1062 3733 nobis
1073 3668 1158 3735 inter
1171 3672 1277 3738 Mace·

160 3770 260 3839 donas
279 3789 312 3836 et
330 3777 493 3838 Romanos
513 3773 693 3839 dirimenda
715 3772 754 3838 lis
774 3773 925 3838 occurrit.
952 3775 1036 3840 Nam
1061 3801 1160 3866 quum
1180 3782 1275 3870 paulo

160 3895 245 3962 ante,
257 3880 385 3969 poetico
399 3880 545 3962 arbitrio,
561 3880 755 3969 depinxisset
767 3897 853 3945 vates
867 3879 1038 3970 imaginem
1050 3907 1152 3949 aureae
1168 3890 1276 3971 cujus-

161 3983 236 4048 dam
252 3981 409 4051 felicitatis
424 3987 457 4050 in
475 3988 548 4050 Asia
560 3988 753 4075 Europaque
768 3985 969 4075 perfruendae
982 3988 1032 4075 (an
1046 3988 1152 4077 potius
1167 3992 1201 4058 in
1217 3996 1276 4060 lu·

159 4091 226 4156 daea
242 4094 307 4157 sola
327 4095 387 4159 sub
410 4094 478 4158 miti
493 4096 663 4159 Persarum
680 4093 817 4184 imperio
826 4093 864 4183 l),
887 4094 931 4159 sic
951 4095 1066 4184 pergit,
1087 4097 1164 4183 381,
1179 4124 1249 4190 sqq.
1266 4128 1273 4166 :

248 4201 308 4264 Ast
324 4201 405 4265 Asioe
421 4202 514 4265 fatale
527 4201 718 4266 Macedonia
732 4225 844 4291 aspera
860 4201 974 4266 vulnus

249 4307 386 4385 Inferet3
403 4310 602 4397 Europaeque
618 4307 710 4372 dolor
727 4322 907 4373 succrescet
921 4308 1055 4374 acerbus

249 4415 375 4479 Saturni
391 4414 431 4479 de
445 4431 539 4505 gente
557 4415 656 4479 notha
673 4416 834 4504 servisque
847 4432 963 4479 creata.

249 4521 305 4587 Illa
320 4522 451 4613 quidem
469 4523 605 4589 validam
627 4521 725 4589 muris
739 4524 903 4614 Babylona
920 4523 1084 4604 domabi13
