3186 5310
228 387 288 450 396
729 387 851 452 NOTAE

229 523 304 572 multa
315 520 380 588 apud
391 535 541 587 nosquoquc
551 520 636 571 usitari
648 521 774 585 videmus),
806 536 862 585 ergo
878 520 977 570 insitum
999 527 1043 570 aut
1060 519 1185 569 incussum
1208 509 1353 565 Christisnis

129 631 133 640 .
229 598 332 647 istorum
351 608 516 647 conventuum
537 613 608 646 causa
625 597 699 647 etiarn
713 606 774 647 tem·
806 597 891 646 odium
904 595 1042 662 hujusmodi
1056 593 1249 645 delectationum
1267 588 1306 653 iis,
1323 587 1353 635 de
1448 627 1449 630 ,

229 673 276 740 plis
287 684 439 740 parceretur,
450 673 480 723 de
496 688 545 738 qno
559 674 598 723 lex
608 683 643 722 est
658 673 777 723 Constan·
806 671 897 738 quibus
914 688 981 722 nunc
994 672 1083 738 agitur,
1102 670 1166 720 lodis
1186 667 1293 718 multum
1311 678 1354 712 no·

230 748 259 799 tii
277 750 300 799 in
321 749 376 799 cod.
387 749 507 799 Theodos.
525 749 588 798 libro
602 749 666 813 tvl,
688 748 726 799 tit.
744 748 775 805 ll,
807 761 862 795 cere
882 746 970 806 patuit.
984 745 1019 795 Ne
1030 743 1141 810 Olympia
1155 740 1256 808 quidem
1270 736 1353 788 Antio-

230 825 275 891 leg.
293 830 326 876 ³:
344 846 357 870 ι
374 823 520 889 Quanquam
537 824 616 874 omnis
636 824 777 891 superstitio
807 820 870 870 chin
883 820 913 869 ad
924 819 1083 869 imitationem
1093 817 1169 868 Elidis
1176 816 1299 875 instituta,
1308 810 1355 862 nisi

232 923 245 946 ιι
259 901 356 967 penitus
375 901 483 950 eruenda
501 899 547 964 sit,
565 910 648 951 tamen
665 902 778 950 volumus
808 913 862 947 sero
871 897 1001 946 admodum
1014 895 1060 945 sub
1072 894 1166 945 lustino
1178 895 1252 959 inp,
1265 889 1354 941 abolita

233 999 245 1022 ι
262 985 289 1026 ut
305 976 367 1025 edes
386 977 531 1042 templorum
542 992 598 1041 ,que
609 985 678 1026 extra
695 992 779 1025 muros
809 981 879 1030 sunt,
895 971 974 1021 llalal.
998 987 1051 1037 pag.
1077 973 1135 1032 tlt,
1149 968 1189 1018 ed.
1212 969 1292 1018 Bonn.
1309 963 1355 1015 Sed

234 1073 246 1097 ιι
259 1061 316 1102 sunt
342 1052 438 1117 positae,
461 1052 560 1102 intactas
582 1053 779 1117 incorruptoque
810 1064 866 1097 vera
874 1046 986 1114 Olympia
996 1047 1048 1113 (illa
1057 1061 1144 1112 nempe
1155 1043 1248 1111 quaein
1266 1041 1355 1103 Elide).

234 1148 246 1173 ιι
260 1128 409 1179 consistant:
424 1145 480 1178 nam
494 1144 551 1179 cum
563 1144 593 1178 ex
606 1128 730 1178 nonnullis
741 1128 779 1177 rel
811 1122 921 1189 proprias
941 1123 1058 1189 quasdam
1075 1121 1107 1171 oh
1124 1136 1208 1171 causas
1220 1133 1303 1182 neque
1318 1116 1356 1166 in·

235 1225 247 1248 ι
263 1203 378 1254 ludorum
389 1204 535 1255 circensium
548 1205 585 1253 rel
594 1220 699 1270 agonum
712 1203 780 1269 origo
811 1201 910 1250 tellecta
928 1198 1049 1258 difficiles,
1075 1196 1227 1264 principibus
1241 1192 1357 1244 Christia-
1437 1204 1440 1213 ¹

234 1301 247 1324 ιι
263 1278 449 1344 hieritexorta,
472 1297 521 1329 non
540 1280 657 1330 convenit
674 1296 704 1330 ca
719 1295 780 1329 coo·
812 1276 849 1325 nis
870 1276 947 1341 inrisa
975 1290 1025 1325 esse
1053 1272 1199 1324 debuerunt.
1229 1269 1268 1322 lbi
1293 1268 1357 1319 enim

236 1377 248 1401 ι
263 1355 330 1416 velli,
344 1371 373 1405 ex
387 1355 476 1421 quibus
488 1357 580 1423 populo
595 1356 705 1406 Romano
719 1372 781 1422 prae·
812 1353 912 1404 maximi
932 1352 1022 1404 fiebant
1043 1350 1170 1402 hominnm
1190 1365 1219 1398 ao
1236 1347 1359 1416 praecipue

235 1452 248 1477 ιι
263 1431 351 1481 beatm
363 1431 499 1498 priscarum
517 1431 656 1482 solemnitas
670 1431 782 1496 uolupta·
813 1427 939 1494 gentilium
953 1442 1097 1487 concursum
1111 1442 1140 1476 ea
1154 1424 1233 1475 luerat
1245 1422 1279 1472 ab
1294 1420 1358 1470 omni

236 1528 251 1552 ιι
265 1516 326 1557 tum.
343 1508 388 1557 Dat
404 1507 458 1557 lial.
479 1524 536 1556 nov.
554 1500 741 1558 Constantio‘tv
757 1515 782 1557 et
812 1505 929 1554 memoria
951 1503 1046 1570 profani
1073 1503 1153 1553 cultus
1179 1499 1249 1566 quasi
1272 1499 1359 1565 praeci·

237 1603 250 1627 ιι
266 1581 398 1632 Constante
409 1581 444 1632 lll
459 1583 522 1632 ΑΛ.
542 1599 601 1634 coss.
617 1605 629 1628 ιι
651 1583 723 1633 Auno
737 1583 783 1632 soi·
814 1599 862 1649 pua
898 1581 924 1631 in
954 1581 1046 1631 Graecia
1071 1580 1160 1638 sedes;
1188 1576 1207 1626 ii
1231 1575 1288 1625 ludi
1316 1573 1360 1624 snb

235 1657 294 1707 licet
305 1660 362 1707 346.
375 1657 447 1707 Vides
461 1657 576 1708 ludorum
590 1659 735 1708 circensium
744 1659 784 1708 vel
815 1658 912 1709 maximi
933 1658 999 1723 apud
1014 1656 1109 1706 Graecos
1127 1653 1233 1703 numinis
1247 1650 1361 1716 auspiciis

235 1747 339 1798 agonum
359 1732 425 1782 circa
447 1732 489 1783 illa
510 1735 601 1800 templa
624 1735 781 1793 mentionem,
815 1743 840 1783 et
858 1732 928 1798 quasi
941 1732 1017 1782 tutela
1034 1731 1138 1782 instituti
1157 1743 1308 1795 semperque
1321 1741 1361 1775 cc·

182 1822 187 1828 ·
235 1806 327 1874 quibus
340 1807 434 1867 serbis,
458 1810 532 1858 modo
546 1809 577 1859 ab
591 1809 680 1860 italicis
692 1809 784 1876 paruis·
816 1809 904 1858 lebrati
924 1807 1030 1858 inerant.
1053 1806 1130 1856 lmmo
1149 1804 1238 1854 mansit
1259 1801 1295 1852 ibi
1314 1800 1360 1850 ali·

234 1899 283 1949 que
299 1881 373 1933 rebus
390 1884 421 1932 ad
435 1899 523 1949 grecas
537 1894 561 1934 et
572 1902 669 1951 magnas
680 1886 784 1936 transla·
815 1883 924 1949 quandiu
947 1884 1022 1933 etiam
1044 1892 1099 1948 post
1123 1877 1279 1952 Cpnstantini
1299 1886 1362 1926 tem·

235 1959 275 2018 tis,
285 1959 436 2009 inductionis
450 1960 785 2028 analoginquejure,paritcr
815 1976 876 2026 pora
894 1959 1052 2009 simulacrum
1073 1956 1140 2007 loris
1156 1953 1282 2020 Olympii,
1304 1951 1362 2001 Phi·

239 2032 353 2100 Olympia
370 2032 468 2082 delendi
476 2043 581 2099 possent,
592 2035 612 2082 si
619 2051 705 2084 eorum
712 2050 785 2084 causa
815 2037 890 2086 disce
904 2037 963 2085 artis
974 2034 1135 2092 miraculum,
1151 2047 1201 2080 non
1212 2045 1271 2080 cum
1286 2026 1362 2094 Apol·

170 2132 176 2143 ι
237 2109 470 2175 legitimeageretur.
480 2109 593 2159 Ceterum
601 2111 710 2160 camdem
718 2109 785 2175 prin·
816 2113 867 2162 line
884 2111 972 2177 Pythio
992 2110 1093 2176 aliisque
1113 2106 1234 2174 preclaris
1247 2121 1276 2155 ea
1293 2112 1363 2154 etate
1431 2105 1434 2116 '

238 2184 324 2251 cipalis
349 2184 499 2235 auctoritatis
527 2185 704 2250 indulgentiam
730 2201 786 2249 erga
816 2188 1034 2254 signis(quantum
1050 2186 1147 2252 quidem
1167 2200 1198 2232 ex
1216 2179 1316 2231 Eusebii
1330 2180 1363 2229 si·

154 2302 158 2312 ι
239 2260 312 2310 leatus
332 2270 483 2323 conventus,
503 2261 607 2325 ideoque
621 2276 676 2326 erga
690 2260 786 2310 theatra
817 2263 892 2313 lentio
916 2261 996 2328 colligi
1016 2265 1109 2328 potest)
1126 2255 1363 2323 Constantinopolim

238 2347 264 2387 et
283 2337 361 2395 ludos,
377 2352 539 2403 perseverasse
557 2336 631 2386 etiam
654 2345 709 2403 post
727 2336 787 2386 ulti·
817 2340 843 2389 in
858 2340 931 2388 decus
947 2338 1092 2387 translatum
1107 2352 1174 2385 norae
1185 2333 1254 2383 urbis
1267 2329 1365 2395 (confer

239 2428 308 2461 mum
319 2413 407 2462 vulnus
418 2428 517 2478 paganas
526 2412 662 2477 religionis
677 2412 788 2463 Theodo-
818 2415 905 2465 Euseb.
925 2414 950 2463 in
974 2415 1026 2479 ejus
1046 2414 1124 2476 rita),
1144 2409 1305 2477 prohibente,
1318 2407 1364 2457 nisi

186 2511 189 2519 ·
239 2487 276 2537 aio
291 2487 787 2552 inflictnm‚argumentoestuelilludllo·
818 2490 936 2553 fallimur,
959 2489 1085 2539 auferendi
1109 2487 1268 2546 difficultate,
1288 2502 1320 2535 ne
1339 2484 1365 2534 in

240 2563 305 2613 norii
315 2563 459 2629 rescriptum
469 2565 499 2612 ad
509 2564 678 2628 proconsulem
690 2564 786 2624 Africae,
819 2565 894 2615 frusta
914 2565 1065 2615 scinderetur
1082 2580 1142 2630 opus
1160 2562 1242 2611 multis
1256 2561 1366 2628 partibus

241 2635 297 2690 c'od.
311 2637 404 2688 Theou,
425 2638 488 2696 avt,
504 2639 544 2695 tit,
561 2640 591 2701 ll,
607 2640 650 2705 leg.
665 2642 693 2689 li
708 2657 712 2688 :
730 2663 743 2682 ιι
756 2639 787 2691 Ut
818 2641 898 2690 aureis
916 2640 1077 2704 eburneisque
1102 2638 1263 2704 compositum
1282 2651 1290 2685 t
1313 2635 1363 2685 rid.

241 2738 253 2757 ιι
267 2714 382 2781 prolauoa
398 2712 460 2762 ritus
478 2713 529 2777 jam
549 2714 641 2764 salubri
661 2715 712 2780 lege
731 2714 789 2764 snb·
820 2716 985 2778 Quatremire,
1002 2716 1101 2766 delore
1113 2713 1208 2779 Olymp.
1220 2710 1366 2776 Quanquam

242 2811 255 2834 ιι
268 2788 397 2848 movimus,
415 2789 449 2837 ita
462 2787 534 2837 festos
550 2799 684 2839 conventus
698 2790 788 2839 civium
820 2792 845 2841 id
860 2803 943 2858 postea
961 2792 1077 2842 iactatur:
1102 2807 1159 2840 nam
1182 2790 1316 2846 Gedrenus,
1339 2803 1368 2836 ex

242 2889 255 2907 ι
270 2874 296 2915 et
309 2878 463 2912 communem
482 2863 592 2913 omnium
612 2864 721 2914 letitiam
740 2881 789 2914 non
821 2867 977 2933 Theophanis
1000 2867 1113 2916 uidelicet
1138 2866 1200 2924 fide,
1228 2864 1369 2931 Olympium

242 2938 376 3005 «patimur
406 2936 545 2988 submoueri
571 2956 577 2990 :
607 2940 671 2989 unde
700 2940 791 3004 absque
822 2943 913 2993 Phidiae
924 2943 1009 2993 iorem
1027 2941 1280 3006 Constantinopolim
1298 2938 1369 2990 Lausi

242 3037 255 3057 ιι
269 3014 320 3064 ullo
332 3013 452 3063 sacrificio
466 3023 540 3079 atque
556 3015 605 3064 ulla
619 3015 791 3081 superstitione
822 3018 914 3068 adibus
934 3028 1081 3067 asservatum
1099 3026 1217 3066 memorat
1237 3016 1302 3065 inter
1322 3015 1371 3065 alia

245 3112 258 3132 ιι
272 3088 405 3139 damnabili
418 3088 535 3139 exhihere
551 3090 642 3156 populo
657 3091 793 3157 uoluptates
822 3093 928 3158 antiquae
938 3094 997 3143 artis
1006 3093 1148 3158 specimina,
1157 3091 1230 3154 idque
1240 3088 1370 3139 Theodosii
1388 3133 1392 3140 .

246 3188 258 3207 ιι
272 3165 407 3215 menradum
436 3176 542 3216 ueterem
574 3168 791 3228 consuetudinem
822 3185 883 3225 sevo.
899 3169 1002 3219 Cadren.
1025 3183 1079 3234 pag.
1102 3170 1169 3222 564,
1191 3166 1231 3216 ed.
1247 3165 1327 3214 Boon.
1349 3164 1369 3213 Α

246 3264 259 3284 ιι
274 3241 337 3291 inire
350 3240 424 3292 etiam
437 3239 497 3292 festa
516 3241 635 3300 convivia,
658 3244 678 3292 si
695 3243 792 3308 quaudo
823 3262 872 3311 quo
886 3245 946 3294 illuc
959 3245 1104 3294 advectum?
1118 3243 1156 3291 An
1174 3241 1205 3291 ab
1224 3241 1278 3306 ipso
1291 3239 1370 3289 Theo·

247 3339 259 3359 ιι
273 3316 374 3382 exigunt
401 3316 499 3382 publica
527 3327 601 3378 rota,
630 3318 791 3368 decernimus.
824 3321 908 3371 dosio?
923 3318 1003 3369 Facile
1016 3319 1040 3368 id
1055 3314 1371 3382 remurxnampostlulia·

247 3415 260 3435 ι
274 3392 331 3443 Dat.
348 3391 403 3442 lllll
412 3393 465 3442 llal.
480 3401 542 3459 sept.
553 3392 654 3451 Patavii,
666 3393 794 3443 Theodoro
824 3414 884 3447 num
909 3405 993 3454 certe,
1018 3395 1061 3460 qni
1083 3393 1193 3443 translati
1219 3392 1292 3458 hujus
1312 3391 1372 3456 rigati

247 3492 259 3514 ιι
272 3485 296 3517 v.
308 3468 339 3518 cl.
354 3484 416 3527 cos„
427 3492 439 3512 ιι
451 3468 476 3518 id
490 3477 526 3518 est
539 3484 603 3518 anno
616 3472 672 3519 399.
691 3468 795 3518 Fervcre
825 3473 918 3523 nnllam
932 3472 990 3522 lacit
1003 3470 1160 3533 mentionem,
1180 3468 1224 3519 nbi
1246 3478 1373 3519 ternorum

247 3560 305 3610 ergo
322 3560 372 3593 non
386 3542 457 3593 desiit
475 3560 519 3609 per
535 3543 740 3593 omnesciuitates
754 3544 794 3593 in·
826 3548 1013 3606 certaminum,
1035 3546 1153 3612 Olympiae
1174 3554 1199 3595 et
1225 3545 1321 3594 Nemeae
1349 3552 1375 3594 et

248 3636 333 3671 sanum
351 3618 489 3685 agonisticae
508 3618 544 3668 rei
559 3619 675 3676 studium,
690 3619 795 3670 larenti-
827 3624 922 3686 Isthmi,
934 3633 1050 3688 tanquam
1061 3622 1151 3682 adhuc,
1161 3621 1326 3682 suscribente,
1337 3620 1372 3670 ri·

249 3695 307 3757 bus,
330 3705 357 3745 ut
371 3695 430 3744 olim
444 3694 550 3744 ethnicis
570 3694 739 3761 principibus,
761 3695 796 3744 ita
826 3699 935 3765 gentium
948 3697 1068 3754 meminit,
1080 3696 1151 3762 epist.
1160 3714 1205 3762 pro
1215 3696 1320 3761 Argivis,
1332 3711 1374 3745 seat

249 3788 316 3822 nuno
337 3770 486 3829 christianis,
511 3779 536 3820 et
554 3769 688 3821 clarissimo
707 3770 797 3836 cuique
827 3776 890 3840 vulg.
902 3790 941 3840 ep.
957 3778 998 3824 35.
1012 3771 1058 3832 Qui
1071 3781 1125 3837 post
1138 3788 1194 3820 eum
1207 3771 1281 3837 primi
1290 3786 1375 3835 regira-

250 3846 338 3897 rictori
358 3846 431 3907 dona,
450 3846 581 3908 beneficia,
604 3844 729 3913 priuilegia
753 3847 796 3896 de·
828 3861 926 3910 rerunt,
937 3849 1047 3914 exemplo
1054 3847 1204 3912 consilioque
1211 3845 1375 3896 Valentiniani

251 3922 423 3981 cernentibus,
440 3922 562 3972 interdum
576 3931 601 3973 et
613 3930 714 3984 statuas,
734 3922 798 3972 sicut
828 3927 937 3991 ipsorum
949 3924 1057 3980 maximi,
1067 3933 1137 3973 caute
1144 3933 1243 3988 egerunt
1251 3933 1278 3971 ut
1285 3931 1376 3971 otus

251 3998 277 4048 in
301 3998 381 4063 lapide
408 3997 491 4048 Romae
516 4007 637 4049 asservato
657 3997 798 4047 Filumenus
830 4002 935 4051 infausto
953 4001 1044 4050 Juliani
1069 3998 1202 4049 tentamine
1227 4013 1377 4063 manorum

252 4075 352 4140 quidam
366 4071 456 4123 athleta
467 4074 545 4138 jactat
565 4089 590 4123 se
603 4090 617 4123 a
632 4073 736 4122 dominis
749 4073 799 4122 suis
829 4077 923 4126 animos
937 4074 1066 4143 prudentia
1080 4082 1268 4140 componerent,
1287 4073 1376 4121 nedum

253 4149 434 4209 Valentiniano,
445 4148 546 4199 Valente
557 4159 583 4199 et
593 4148 709 4200 Gratiano
721 4149 797 4214 sugg.
830 4169 871 4202 ecs
889 4167 952 4201 nova
970 4150 1117 4200 contumelia
1142 4149 1277 4199 irritarent.
1299 4148 1378 4197 Etiam

267 4226 285 4275 ii
295 4225 407 4292 proxime
416 4234 473 4274 ante
480 4224 644 4275 Theodosium
653 4222 798 4290 regnarunt)
831 4227 1016 4276 Valentinianus
1030 4225 1134 4275 ethnicae
1151 4224 1262 4289 religioni
1278 4223 1379 4273 minime

254 4311 338 4352 statuae
367 4301 460 4350 honore
478 4301 618 4351 decoratum
640 4301 671 4351 ulr
685 4301 800 4351 victorias
832 4302 938 4351 infensus
965 4301 1110 4352 habebatur.
1142 4299 1278 4350 Theodosio
1306 4299 1380 4364 igitur

254 4376 414 4442 gymnasticae
441 4375 526 4425 multis
550 4375 608 4425 locis
632 4377 720 4426 relatas
742 4399 754 4418 ι
768 4375 799 4425 ab
831 4377 884 4427 lato
898 4387 1047 4427 reservatum
1067 4376 1114 4426 luit
1130 4386 1159 4426 ut
1179 4384 1300 4425 extremas
1312 4384 1379 4424 vete·

256 4451 377 4501 -oriente
397 4452 428 4501 ad
446 4450 599 4502 occidentem
617 4468 725 4517 unques.
746 4451 801 4501 Nun
833 4452 868 4502 ais
887 4452 969 4502 cultus
995 4453 1110 4517 reliquias
1134 4451 1226 4504 lamoso
1240 4466 1284 4500 suo
1298 4450 1380 4500 edictu
