<?xml version="1.0" encoding="UTF-8"?>
<!DOCTYPE html PUBLIC "-//W3C//DTD XHTML 1.0 Transitional//EN"
    "http://www.w3.org/TR/xhtml1/DTD/xhtml1-transitional.dtd">
<html xmlns="http://www.w3.org/1999/xhtml" xml:lang="en" lang="en">
 <head>
  <title>
</title>
<meta http-equiv="Content-Type" content="text/html;charset=utf-8" />
  <meta name='ocr-system' content='tesseract 3.04.00' />
  <meta name='ocr-capabilities' content='ocr_page ocr_carea ocr_par ocr_line ocrx_word'/>
</head>
<body>
  <div class='ocr_page' id='page_1' title='image "./oraculasibyllin00alexgoog/oraculasibyllin00alexgoog_0266.png"; bbox 0 0 3186 5310; ppageno 0'>
   <div class='ocr_carea' id='block_1_1' title="bbox 450 458 1294 559">
    <p class='ocr_par' dir='ltr' id='par_1_1' title="bbox 450 458 1294 559">
     <span class='ocr_line' id='line_1_1' title="bbox 450 458 1294 559; baseline 0.001 -38"><span class='ocrx_word' id='word_1_1' title='bbox 450 458 737 524; x_wconf 80' lang='lat' dir='ltr'>SlBYLLINORUM</span> <span class='ocrx_word' id='word_1_2' title='bbox 760 463 831 524; x_wconf 80' lang='lat' dir='ltr'>uu.</span> <span class='ocrx_word' id='word_1_3' title='bbox 855 463 917 524; x_wconf 82' lang='lat' dir='ltr'>vll.</span> <span class='ocrx_word' id='word_1_4' title='bbox 1188 462 1245 522; x_wconf 71' lang='lat'>205</span> <span class='ocrx_word' id='word_1_5' title='bbox 1286 550 1294 559; x_wconf 35' lang='lat'><strong>·</strong></span> 
     </span>
    </p>
   </div>
   <div class='ocr_carea' id='block_1_2' title="bbox 136 591 1156 3560">
    <p class='ocr_par' dir='ltr' id='par_1_2' title="bbox 136 591 1156 3560">
     <span class='ocr_line' id='line_1_2' title="bbox 220 591 1083 685; baseline 0.005 -30"><span class='ocrx_word' id='word_1_6' title='bbox 220 596 310 676; x_wconf 87' lang='lat' dir='ltr'>Quos</span> <span class='ocrx_word' id='word_1_7' title='bbox 322 591 444 681; x_wconf 85' lang='lat' dir='ltr'>gremio</span> <span class='ocrx_word' id='word_1_8' title='bbox 460 592 582 672; x_wconf 80' lang='lat' dir='ltr'>tuleris,</span> <span class='ocrx_word' id='word_1_9' title='bbox 596 594 693 658; x_wconf 79' lang='lat' dir='ltr'>nimiu</span> <span class='ocrx_word' id='word_1_10' title='bbox 712 594 792 661; x_wconf 89' lang='lat' dir='ltr'>heu!</span> <span class='ocrx_word' id='word_1_11' title='bbox 812 595 944 685; x_wconf 79' lang='lat' dir='ltr'>penuria</span> <span class='ocrx_word' id='word_1_12' title='bbox 958 594 1083 684; x_wconf 83' lang='lat' dir='ltr'>perdet.</span> 
     </span>
     <span class='ocr_line' id='line_1_3' title="bbox 265 701 1088 794; baseline 0.001 -28"><span class='ocrx_word' id='word_1_13' title='bbox 265 703 334 767; x_wconf 86' lang='lat' dir='ltr'>Ab!</span> <span class='ocrx_word' id='word_1_14' title='bbox 354 701 445 791; x_wconf 82' lang='lat' dir='ltr'>Syria</span> <span class='ocrx_word' id='word_1_15' title='bbox 462 702 583 782; x_wconf 82' lang='lat' dir='ltr'><strong>infelix,</strong></span> <span class='ocrx_word' id='word_1_16' title='bbox 601 727 697 794; x_wconf 87' lang='lat' dir='ltr'>super</span> <span class='ocrx_word' id='word_1_17' title='bbox 711 705 793 769; x_wconf 68' lang='lat' dir='ltr'>uiros</span> <span class='ocrx_word' id='word_1_18' title='bbox 806 728 944 770; x_wconf 83' lang='lat' dir='ltr'>concavo</span> <span class='ocrx_word' id='word_1_19' title='bbox 959 720 1088 768; x_wconf 79' lang='lat' dir='ltr'>montes</span> 
     </span>
     <span class='ocr_line' id='line_1_4' title="bbox 154 808 1023 899; baseline 0 -25"><span class='ocrx_word' id='word_1_20' title='bbox 154 809 196 874; x_wconf 83' lang='lat'>65</span> <span class='ocrx_word' id='word_1_21' title='bbox 221 808 418 893; x_wconf 81' lang='lat' dir='ltr'>Phoenicum,</span> <span class='ocrx_word' id='word_1_22' title='bbox 438 833 520 896; x_wconf 90' lang='lat' dir='ltr'>quos</span> <span class='ocrx_word' id='word_1_23' title='bbox 534 809 618 874; x_wconf 89' lang='lat' dir='ltr'>unda</span> <span class='ocrx_word' id='word_1_24' title='bbox 634 827 727 895; x_wconf 73' lang='lat' dir='ltr'>¹soum</span> <span class='ocrx_word' id='word_1_25' title='bbox 740 811 866 899; x_wconf 83' lang='lat' dir='ltr'>Berytia</span> <span class='ocrx_word' id='word_1_26' title='bbox 883 811 1023 875; x_wconf 81' lang='lat' dir='ltr'>circum!</span> 
     </span>
     <span class='ocr_line' id='line_1_5' title="bbox 222 914 1073 1005; baseline 0.001 -27"><span class='ocrx_word' id='word_1_27' title='bbox 222 914 316 979; x_wconf 87' lang='lat' dir='ltr'>Haud</span> <span class='ocrx_word' id='word_1_28' title='bbox 330 914 458 1003; x_wconf 89' lang='lat' dir='ltr'>impune</span> <span class='ocrx_word' id='word_1_29' title='bbox 477 917 581 979; x_wconf 92' lang='lat' dir='ltr'>Deum</span> <span class='ocrx_word' id='word_1_30' title='bbox 594 917 728 1004; x_wconf 81' lang='lat' dir='ltr'>spernis,</span> <span class='ocrx_word' id='word_1_31' title='bbox 748 917 802 1005; x_wconf 91' lang='lat' dir='ltr'>qui</span> <span class='ocrx_word' id='word_1_32' title='bbox 816 941 851 982; x_wconf 90' lang='lat' dir='ltr'>se</span> <span class='ocrx_word' id='word_1_33' title='bbox 864 917 965 981; x_wconf 84' lang='lat' dir='ltr'>abluit</span> <span class='ocrx_word' id='word_1_34' title='bbox 980 940 1073 980; x_wconf 85' lang='lat' dir='ltr'>omne</span> 
     </span>
     <span class='ocr_line' id='line_1_6' title="bbox 221 1019 992 1112; baseline 0.005 -30"><span class='ocrx_word' id='word_1_35' title='bbox 221 1019 364 1102; x_wconf 89' lang='lat' dir='ltr'>Jordani,</span> <span class='ocrx_word' id='word_1_36' title='bbox 384 1020 552 1109; x_wconf 88' lang='lat' dir='ltr'>multoque</span> <span class='ocrx_word' id='word_1_37' title='bbox 569 1022 721 1112; x_wconf 69' lang='lat' dir='ltr'>abreptus</span> <span class='ocrx_word' id='word_1_38' title='bbox 736 1022 878 1087; x_wconf 80' lang='lat' dir='ltr'>Flumine</span> <span class='ocrx_word' id='word_1_39' title='bbox 894 1023 992 1110; x_wconf 79' lang='lat' dir='ltr'>fugit3</span> 
     </span>
     <span class='ocr_line' id='line_1_7' title="bbox 223 1126 959 1214; baseline 0.004 -25"><span class='ocrx_word' id='word_1_40' title='bbox 223 1127 286 1209; x_wconf 91' lang='lat' dir='ltr'>Qui</span> <span class='ocrx_word' id='word_1_41' title='bbox 303 1126 393 1214; x_wconf 91' lang='lat' dir='ltr'>prior</span> <span class='ocrx_word' id='word_1_42' title='bbox 408 1143 440 1190; x_wconf 83' lang='lat' dir='ltr'>et</span> <span class='ocrx_word' id='word_1_43' title='bbox 452 1127 545 1190; x_wconf 85' lang='lat' dir='ltr'>terris</span> <span class='ocrx_word' id='word_1_44' title='bbox 561 1144 594 1191; x_wconf 88' lang='lat' dir='ltr'>et</span> <span class='ocrx_word' id='word_1_45' title='bbox 609 1129 686 1192; x_wconf 84' lang='lat' dir='ltr'>caelo</span> <span class='ocrx_word' id='word_1_46' title='bbox 703 1128 779 1193; x_wconf 81' lang='lat' dir='ltr'>vixit</span> <span class='ocrx_word' id='word_1_47' title='bbox 798 1147 830 1194; x_wconf 77' lang='lat' dir='ltr'>et</span> <span class='ocrx_word' id='word_1_48' title='bbox 849 1127 959 1204; x_wconf 85' lang='lat' dir='ltr'>astris,</span> 
     </span>
     <span class='ocr_line' id='line_1_8' title="bbox 221 1232 1130 1325; baseline 0.002 -30"><span class='ocrx_word' id='word_1_49' title='bbox 221 1232 334 1296; x_wconf 88' lang='lat' dir='ltr'>Sermo</span> <span class='ocrx_word' id='word_1_50' title='bbox 350 1247 477 1322; x_wconf 87' lang='lat' dir='ltr'>potens,</span> <span class='ocrx_word' id='word_1_51' title='bbox 495 1232 535 1297; x_wconf 91' lang='lat' dir='ltr'>de</span> <span class='ocrx_word' id='word_1_52' title='bbox 551 1236 645 1299; x_wconf 83' lang='lat' dir='ltr'>Patre</span> <span class='ocrx_word' id='word_1_53' title='bbox 663 1253 763 1311; x_wconf 77' lang='lat' dir='ltr'>satus,</span> <span class='ocrx_word' id='word_1_54' title='bbox 781 1236 835 1325; x_wconf 92' lang='lat' dir='ltr'>qui</span> <span class='ocrx_word' id='word_1_55' title='bbox 857 1236 1000 1299; x_wconf 80' lang='lat' dir='ltr'>Flumine</span> <span class='ocrx_word' id='word_1_56' title='bbox 1019 1250 1130 1298; x_wconf 74' lang='lat' dir='ltr'>sancto</span> 
     </span>
     <span class='ocr_line' id='line_1_9' title="bbox 158 1339 1090 1426; baseline 0.003 -24"><span class='ocrx_word' id='word_1_57' title='bbox 158 1363 199 1426; x_wconf 88' lang='lat'>7⁰</span> <span class='ocrx_word' id='word_1_58' title='bbox 223 1339 356 1403; x_wconf 84' lang='lat' dir='ltr'>ludutus</span> <span class='ocrx_word' id='word_1_59' title='bbox 370 1362 512 1420; x_wconf 80' lang='lat' dir='ltr'>earnem,</span> <span class='ocrx_word' id='word_1_60' title='bbox 533 1341 653 1406; x_wconf 85' lang='lat' dir='ltr'>revolat</span> <span class='ocrx_word' id='word_1_61' title='bbox 670 1365 746 1406; x_wconf 83' lang='lat' dir='ltr'>mox</span> <span class='ocrx_word' id='word_1_62' title='bbox 761 1343 866 1407; x_wconf 83' lang='lat' dir='ltr'>Patris</span> <span class='ocrx_word' id='word_1_63' title='bbox 882 1342 916 1406; x_wconf 93' lang='lat' dir='ltr'>in</span> <span class='ocrx_word' id='word_1_64' title='bbox 931 1341 1025 1406; x_wconf 77' lang='lat' dir='ltr'>aedes.</span> <span class='ocrx_word' id='word_1_65' title='bbox 1085 1400 1090 1418; x_wconf 85' lang='lat'>‚</span> 
     </span>
     <span class='ocr_line' id='line_1_10' title="bbox 222 1445 1001 1536; baseline 0 -27"><span class='ocrx_word' id='word_1_66' title='bbox 222 1450 328 1535; x_wconf 83' lang='lat' dir='ltr'><strong>Atque</strong></span> <span class='ocrx_word' id='word_1_67' title='bbox 344 1446 388 1510; x_wconf 89' lang='lat' dir='ltr'>ibi</span> <span class='ocrx_word' id='word_1_68' title='bbox 404 1462 467 1510; x_wconf 89' lang='lat' dir='ltr'>tres</span> <span class='ocrx_word' id='word_1_69' title='bbox 484 1445 539 1511; x_wconf 87' lang='lat' dir='ltr'>olli</span> <span class='ocrx_word' id='word_1_70' title='bbox 554 1464 658 1512; x_wconf 82' lang='lat' dir='ltr'>turres</span> <span class='ocrx_word' id='word_1_71' title='bbox 669 1447 764 1536; x_wconf 84' lang='lat' dir='ltr'>polus</span> <span class='ocrx_word' id='word_1_72' title='bbox 780 1448 894 1513; x_wconf 78' lang='lat' dir='ltr'>extulit</span> <span class='ocrx_word' id='word_1_73' title='bbox 910 1448 1001 1530; x_wconf 74' lang='lat' dir='ltr'>altae,</span> 
     </span>
     <span class='ocr_line' id='line_1_11' title="bbox 223 1554 1046 1637; baseline -0.001 -18"><span class='ocrx_word' id='word_1_74' title='bbox 223 1557 311 1637; x_wconf 85' lang='lat' dir='ltr'>Quas</span> <span class='ocrx_word' id='word_1_75' title='bbox 327 1555 473 1619; x_wconf 73' lang='lat' dir='ltr'>habitant</span> <span class='ocrx_word' id='word_1_76' title='bbox 490 1579 617 1620; x_wconf 89' lang='lat' dir='ltr'>summo</span> <span class='ocrx_word' id='word_1_77' title='bbox 632 1572 697 1621; x_wconf 82' lang='lat' dir='ltr'>tres</span> <span class='ocrx_word' id='word_1_78' title='bbox 714 1574 792 1621; x_wconf 86' lang='lat' dir='ltr'>ortae</span> <span class='ocrx_word' id='word_1_79' title='bbox 805 1554 936 1620; x_wconf 89' lang='lat' dir='ltr'>numine</span> <span class='ocrx_word' id='word_1_80' title='bbox 950 1555 1046 1633; x_wconf 82' lang='lat' dir='ltr'>dirue,</span> 
     </span>
     <span class='ocr_line' id='line_1_12' title="bbox 223 1660 1031 1751; baseline 0.001 -26"><span class='ocrx_word' id='word_1_81' title='bbox 223 1664 315 1750; x_wconf 76' lang='lat' dir='ltr'>Spes,</span> <span class='ocrx_word' id='word_1_82' title='bbox 336 1661 452 1745; x_wconf 74' lang='lat' dir='ltr'>Pietas,</span> <span class='ocrx_word' id='word_1_83' title='bbox 466 1660 502 1726; x_wconf 86' lang='lat' dir='ltr'>&#39;et</span> <span class='ocrx_word' id='word_1_84' title='bbox 518 1663 653 1751; x_wconf 78' lang='lat' dir='ltr'>Renigio</span> <span class='ocrx_word' id='word_1_85' title='bbox 668 1663 862 1740; x_wconf 81' lang='lat' dir='ltr'>veneranda,</span> <span class='ocrx_word' id='word_1_86' title='bbox 878 1687 937 1727; x_wconf 89' lang='lat' dir='ltr'>nec</span> <span class='ocrx_word' id='word_1_87' title='bbox 953 1685 1031 1726; x_wconf 85' lang='lat' dir='ltr'>auro</span> 
     </span>
     <span class='ocr_line' id='line_1_13' title="bbox 223 1768 1040 1857; baseline 0.002 -27"><span class='ocrx_word' id='word_1_88' title='bbox 223 1769 308 1831; x_wconf 80' lang='lat' dir='ltr'>Laetu</span> <span class='ocrx_word' id='word_1_89' title='bbox 323 1791 382 1848; x_wconf 87' lang='lat' dir='ltr'>nec</span> <span class='ocrx_word' id='word_1_90' title='bbox 399 1783 545 1856; x_wconf 82' lang='lat' dir='ltr'>argento,</span> <span class='ocrx_word' id='word_1_91' title='bbox 563 1768 618 1832; x_wconf 84' lang='lat' dir='ltr'>sed</span> <span class='ocrx_word' id='word_1_92' title='bbox 632 1768 719 1833; x_wconf 84' lang='lat' dir='ltr'>culm</span> <span class='ocrx_word' id='word_1_93' title='bbox 738 1768 881 1857; x_wconf 83' lang='lat' dir='ltr'><strong>simplice</strong></span> <span class='ocrx_word' id='word_1_94' title='bbox 896 1791 1040 1857; x_wconf 84' lang='lat' dir='ltr'>quaerens</span> 
     </span>
     <span class='ocr_line' id='line_1_14' title="bbox 136 1873 1116 1961; baseline 0.007 -27"><span class='ocrx_word' id='word_1_95' title='bbox 136 1932 138 1934; x_wconf 82' lang='grc'><strong>,</strong></span> <span class='ocrx_word' id='word_1_96' title='bbox 159 1873 200 1961; x_wconf 82' lang='lat'>75</span> <span class='ocrx_word' id='word_1_97' title='bbox 224 1876 307 1939; x_wconf 87' lang='lat' dir='ltr'>Pura</span> <span class='ocrx_word' id='word_1_98' title='bbox 322 1875 489 1939; x_wconf 88' lang='lat' dir='ltr'>homiuum</span> <span class='ocrx_word' id='word_1_99' title='bbox 504 1876 601 1938; x_wconf 84' lang='lat' dir='ltr'>corda</span> <span class='ocrx_word' id='word_1_100' title='bbox 616 1891 649 1938; x_wconf 84' lang='lat' dir='ltr'>et</span> <span class='ocrx_word' id='word_1_101' title='bbox 663 1875 776 1939; x_wconf 80' lang='lat' dir='ltr'>rationi</span> <span class='ocrx_word' id='word_1_102' title='bbox 794 1874 1001 1940; x_wconf 84' lang='lat' dir='ltr'>accommodo</span> <span class='ocrx_word' id='word_1_103' title='bbox 1017 1896 1116 1941; x_wconf 83' lang='lat' dir='ltr'>sacra.</span> 
     </span>
     <span class='ocr_line' id='line_1_15' title="bbox 270 1981 1088 2047; baseline -0.001 -1"><span class='ocrx_word' id='word_1_104' title='bbox 270 1983 364 2046; x_wconf 84' lang='lat' dir='ltr'>Sacra</span> <span class='ocrx_word' id='word_1_105' title='bbox 377 1999 484 2047; x_wconf 79' lang='lat' dir='ltr'>autem</span> <span class='ocrx_word' id='word_1_106' title='bbox 499 1982 544 2046; x_wconf 80' lang='lat' dir='ltr'>sic</span> <span class='ocrx_word' id='word_1_107' title='bbox 559 1983 619 2045; x_wconf 83' lang='lat' dir='ltr'>rite</span> <span class='ocrx_word' id='word_1_108' title='bbox 633 1981 715 2046; x_wconf 87' lang='lat' dir='ltr'>seres</span> <span class='ocrx_word' id='word_1_109' title='bbox 730 2009 737 2046; x_wconf 77' lang='grc' dir='ltr'><strong>ε</strong></span> <span class='ocrx_word' id='word_1_110' title='bbox 754 2007 818 2046; x_wconf 89' lang='lat' dir='ltr'>uon</span> <span class='ocrx_word' id='word_1_111' title='bbox 836 1982 916 2047; x_wconf 85' lang='lat' dir='ltr'>turis</span> <span class='ocrx_word' id='word_1_112' title='bbox 930 1981 1088 2046; x_wconf 86' lang='lat' dir='ltr'>honorem</span> 
     </span>
     <span class='ocr_line' id='line_1_16' title="bbox 225 2087 988 2176; baseline -0.003 -22"><span class='ocrx_word' id='word_1_113' title='bbox 225 2087 409 2170; x_wconf 84' lang='lat' dir='ltr'>Accendes;</span> <span class='ocrx_word' id='word_1_114' title='bbox 429 2087 531 2152; x_wconf 79' lang='lat' dir='ltr'>nullus</span> <span class='ocrx_word' id='word_1_115' title='bbox 545 2088 648 2152; x_wconf 83' lang='lat' dir='ltr'>cultro</span> <span class='ocrx_word' id='word_1_116' title='bbox 664 2089 856 2152; x_wconf 77' lang='lat' dir='ltr'>mactabitur</span> <span class='ocrx_word' id='word_1_117' title='bbox 872 2111 988 2176; x_wconf 62' lang='lat' dir='ltr'>agnum</span> 
     </span>
     <span class='ocr_line' id='line_1_17' title="bbox 225 2192 954 2282; baseline -0.001 -24"><span class='ocrx_word' id='word_1_118' title='bbox 225 2192 287 2258; x_wconf 87' lang='lat' dir='ltr'>Sed</span> <span class='ocrx_word' id='word_1_119' title='bbox 304 2193 540 2282; x_wconf 86' lang='lat' dir='ltr'>consanguineo</span> <span class='ocrx_word' id='word_1_120' title='bbox 556 2211 638 2257; x_wconf 83' lang='lat' dir='ltr'>coetu</span> <span class='ocrx_word' id='word_1_121' title='bbox 656 2195 791 2282; x_wconf 77' lang='lat' dir='ltr'>stipante</span> <span class='ocrx_word' id='word_1_122' title='bbox 806 2212 954 2274; x_wconf 73' lang='lat' dir='ltr'>tuorum,</span> 
     </span>
     <span class='ocr_line' id='line_1_18' title="bbox 228 2299 948 2388; baseline 0.001 -26"><span class='ocrx_word' id='word_1_123' title='bbox 228 2302 374 2388; x_wconf 80' lang='lat' dir='ltr'>Agrestes</span> <span class='ocrx_word' id='word_1_124' title='bbox 387 2299 533 2364; x_wconf 77' lang='lat' dir='ltr'>volucres</span> <span class='ocrx_word' id='word_1_125' title='bbox 546 2301 647 2388; x_wconf 83' lang='lat' dir='ltr'>ruptis</span> <span class='ocrx_word' id='word_1_126' title='bbox 666 2301 706 2365; x_wconf 80' lang='lat' dir='ltr'>ad</span> <span class='ocrx_word' id='word_1_127' title='bbox 719 2300 823 2364; x_wconf 87' lang='lat' dir='ltr'>sideru</span> <span class='ocrx_word' id='word_1_128' title='bbox 839 2300 948 2364; x_wconf 79' lang='lat' dir='ltr'>vinclis</span> 
     </span>
     <span class='ocr_line' id='line_1_19' title="bbox 160 2404 1071 2496; baseline 0 -25"><span class='ocrx_word' id='word_1_129' title='bbox 160 2408 202 2471; x_wconf 91' lang='lat'>80</span> <span class='ocrx_word' id='word_1_130' title='bbox 225 2405 371 2485; x_wconf 82' lang='lat' dir='ltr'>Emittes,</span> <span class='ocrx_word' id='word_1_131' title='bbox 391 2405 503 2470; x_wconf 81' lang='lat' dir='ltr'>caelum</span> <span class='ocrx_word' id='word_1_132' title='bbox 522 2406 690 2496; x_wconf 84' lang='lat' dir='ltr'>aspiciens,</span> <span class='ocrx_word' id='word_1_133' title='bbox 706 2431 881 2495; x_wconf 77' lang='lat' dir='ltr'>puramque</span> <span class='ocrx_word' id='word_1_134' title='bbox 894 2404 1071 2495; x_wconf 77' lang='lat' dir='ltr'>profundos</span> 
     </span>
     <span class='ocr_line' id='line_1_20' title="bbox 228 2511 1010 2601; baseline 0 -26"><span class='ocrx_word' id='word_1_135' title='bbox 228 2514 266 2576; x_wconf 90' lang='lat' dir='ltr'>lu</span> <span class='ocrx_word' id='word_1_136' title='bbox 282 2511 443 2577; x_wconf 81' lang='lat' dir='ltr'>flammam</span> <span class='ocrx_word' id='word_1_137' title='bbox 464 2512 604 2576; x_wconf 85' lang='lat' dir='ltr'>libamen</span> <span class='ocrx_word' id='word_1_138' title='bbox 620 2536 721 2601; x_wconf 76' lang='lat' dir='ltr'>oquae,</span> <span class='ocrx_word' id='word_1_139' title='bbox 738 2513 783 2577; x_wconf 81' lang='lat' dir='ltr'>sic</span> <span class='ocrx_word' id='word_1_140' title='bbox 798 2536 855 2576; x_wconf 87' lang='lat' dir='ltr'>ore</span> <span class='ocrx_word' id='word_1_141' title='bbox 867 2513 1010 2577; x_wconf 78' lang='lat' dir='ltr'>locutus:</span> 
     </span>
     <span class='ocr_line' id='line_1_21' title="bbox 228 2616 1096 2708; baseline -0.002 -26"><span class='ocrx_word' id='word_1_142' title='bbox 228 2619 293 2700; x_wconf 91' lang='lat' dir='ltr'>Qui</span> <span class='ocrx_word' id='word_1_143' title='bbox 310 2636 341 2681; x_wconf 86' lang='lat' dir='ltr'>te</span> <span class='ocrx_word' id='word_1_144' title='bbox 354 2618 525 2708; x_wconf 79' lang='lat' dir='ltr'>progenuit</span> <span class='ocrx_word' id='word_1_145' title='bbox 538 2620 683 2684; x_wconf 81' lang='lat' dir='ltr'>Verbum</span> <span class='ocrx_word' id='word_1_146' title='bbox 695 2620 802 2702; x_wconf 76' lang='lat' dir='ltr'>Pater,</span> <span class='ocrx_word' id='word_1_147' title='bbox 824 2619 916 2699; x_wconf 84' lang='lat' dir='ltr'>banc,</span> <span class='ocrx_word' id='word_1_148' title='bbox 931 2634 1034 2708; x_wconf 84' lang='lat' dir='ltr'>pater,</span> <span class='ocrx_word' id='word_1_149' title='bbox 1050 2616 1096 2684; x_wconf 94' lang='lat' dir='ltr'>illi</span> 
     </span>
     <span class='ocr_line' id='line_1_22' title="bbox 230 2724 1113 2815; baseline 0 -26"><span class='ocrx_word' id='word_1_150' title='bbox 230 2724 327 2789; x_wconf 77' lang='lat' dir='ltr'>Mino</span> <span class='ocrx_word' id='word_1_151' title='bbox 343 2725 457 2804; x_wconf 82' lang='lat' dir='ltr'>levem,</span> <span class='ocrx_word' id='word_1_152' title='bbox 475 2749 545 2790; x_wconf 84' lang='lat' dir='ltr'>mea</span> <span class='ocrx_word' id='word_1_153' title='bbox 560 2750 631 2813; x_wconf 87' lang='lat' dir='ltr'>quae</span> <span class='ocrx_word' id='word_1_154' title='bbox 644 2742 752 2815; x_wconf 85' lang='lat' dir='ltr'>portet</span> <span class='ocrx_word' id='word_1_155' title='bbox 767 2725 818 2815; x_wconf 85' lang='lat' dir='ltr'>pia</span> <span class='ocrx_word' id='word_1_156' title='bbox 831 2743 917 2803; x_wconf 75' lang='lat' dir='ltr'>vota,</span> <span class='ocrx_word' id='word_1_157' title='bbox 936 2725 1113 2803; x_wconf 81' lang='lat' dir='ltr'>volucrem,</span> 
     </span>
     <span class='ocr_line' id='line_1_23' title="bbox 231 2828 1081 2920; baseline 0.002 -26"><span class='ocrx_word' id='word_1_158' title='bbox 231 2833 424 2919; x_wconf 80' lang='lat' dir='ltr'>Baptismum</span> <span class='ocrx_word' id='word_1_159' title='bbox 440 2856 608 2913; x_wconf 81' lang='lat' dir='ltr'>renovans,</span> <span class='ocrx_word' id='word_1_160' title='bbox 625 2856 689 2920; x_wconf 93' lang='lat' dir='ltr'>quo</span> <span class='ocrx_word' id='word_1_161' title='bbox 703 2832 806 2897; x_wconf 85' lang='lat' dir='ltr'>victor</span> <span class='ocrx_word' id='word_1_162' title='bbox 819 2834 861 2896; x_wconf 86' lang='lat' dir='ltr'>ab</span> <span class='ocrx_word' id='word_1_163' title='bbox 875 2831 947 2918; x_wconf 80' lang='lat' dir='ltr'>igne</span> <span class='ocrx_word' id='word_1_164' title='bbox 961 2828 1081 2896; x_wconf 82' lang='lat' dir='ltr'>redisti.</span> 
     </span>
     <span class='ocr_line' id='line_1_24' title="bbox 164 2937 1057 3029; baseline -0.003 -26"><span class='ocrx_word' id='word_1_165' title='bbox 164 2937 206 3003; x_wconf 85' lang='lat'>85</span> <span class='ocrx_word' id='word_1_166' title='bbox 274 2938 362 3002; x_wconf 81' lang='lat' dir='ltr'>Neve</span> <span class='ocrx_word' id='word_1_167' title='bbox 379 2937 465 3003; x_wconf 87' lang='lat' dir='ltr'>fores</span> <span class='ocrx_word' id='word_1_168' title='bbox 478 2938 637 3029; x_wconf 85' lang='lat' dir='ltr'>praeelude</span> <span class='ocrx_word' id='word_1_169' title='bbox 655 2957 736 3017; x_wconf 83' lang='lat' dir='ltr'>tuas,</span> <span class='ocrx_word' id='word_1_170' title='bbox 754 2939 780 3002; x_wconf 88' lang='lat' dir='ltr'>si</span> <span class='ocrx_word' id='word_1_171' title='bbox 793 2939 914 3002; x_wconf 86' lang='lat' dir='ltr'>venerit</span> <span class='ocrx_word' id='word_1_172' title='bbox 931 2939 1057 3026; x_wconf 80' lang='lat' dir='ltr'><strong>hospes,</strong></span> 
     </span>
     <span class='ocr_line' id='line_1_25' title="bbox 231 3044 999 3137; baseline -0.001 -29"><span class='ocrx_word' id='word_1_173' title='bbox 231 3045 326 3133; x_wconf 87' lang='lat' dir='ltr'>Eripe</span> <span class='ocrx_word' id='word_1_174' title='bbox 341 3068 404 3123; x_wconf 88' lang='lat' dir='ltr'>me,</span> <span class='ocrx_word' id='word_1_175' title='bbox 420 3045 572 3123; x_wconf 85' lang='lat' dir='ltr'>clamans,</span> <span class='ocrx_word' id='word_1_176' title='bbox 592 3047 834 3137; x_wconf 75' lang='lat' dir='ltr'>paupertatique</span> <span class='ocrx_word' id='word_1_177' title='bbox 849 3044 999 3133; x_wconf 79' lang='lat' dir='ltr'>famique.</span> 
     </span>
     <span class='ocr_line' id='line_1_26' title="bbox 230 3149 1026 3242; baseline -0.001 -27"><span class='ocrx_word' id='word_1_178' title='bbox 230 3149 414 3216; x_wconf 32' lang='lat' dir='ltr'>Sedffmiseri</span> <span class='ocrx_word' id='word_1_179' title='bbox 429 3170 525 3241; x_wconf 82' lang='lat' dir='ltr'>eaput</span> <span class='ocrx_word' id='word_1_180' title='bbox 543 3176 671 3242; x_wconf 86' lang='lat' dir='ltr'>aspersa</span> <span class='ocrx_word' id='word_1_181' title='bbox 685 3153 756 3242; x_wconf 84' lang='lat' dir='ltr'>pius</span> <span class='ocrx_word' id='word_1_182' title='bbox 773 3152 868 3216; x_wconf 83' lang='lat' dir='ltr'>ablue</span> <span class='ocrx_word' id='word_1_183' title='bbox 883 3150 1026 3240; x_wconf 83' lang='lat' dir='ltr'>lympha,</span> 
     </span>
     <span class='ocr_line' id='line_1_27' title="bbox 230 3256 1104 3347; baseline -0.002 -26"><span class='ocrx_word' id='word_1_184' title='bbox 230 3259 357 3346; x_wconf 85' lang='lat' dir='ltr'>Terque</span> <span class='ocrx_word' id='word_1_185' title='bbox 372 3274 461 3321; x_wconf 84' lang='lat' dir='ltr'>tuum</span> <span class='ocrx_word' id='word_1_186' title='bbox 479 3282 628 3323; x_wconf 73' lang='lat' dir='ltr'>venerare</span> <span class='ocrx_word' id='word_1_187' title='bbox 647 3262 768 3334; x_wconf 77' lang='lat' dir='ltr'>Deum3</span> <span class='ocrx_word' id='word_1_188' title='bbox 789 3258 863 3322; x_wconf 91' lang='lat' dir='ltr'>dein</span> <span class='ocrx_word' id='word_1_189' title='bbox 881 3258 940 3321; x_wconf 83' lang='lat' dir='ltr'>ista</span> <span class='ocrx_word' id='word_1_190' title='bbox 955 3256 1104 3347; x_wconf 75' lang='lat' dir='ltr'>profare:</span> 
     </span>
     <span class='ocr_line' id='line_1_28' title="bbox 230 3361 1002 3452; baseline -0.003 -24"><span class='ocrx_word' id='word_1_191' title='bbox 230 3361 305 3428; x_wconf 92' lang='lat' dir='ltr'>Non</span> <span class='ocrx_word' id='word_1_192' title='bbox 320 3386 393 3427; x_wconf 80' lang='lat' dir='ltr'>amo</span> <span class='ocrx_word' id='word_1_193' title='bbox 409 3362 552 3439; x_wconf 83' lang='lat' dir='ltr'>divitias3</span> <span class='ocrx_word' id='word_1_194' title='bbox 574 3382 605 3427; x_wconf 85' lang='lat' dir='ltr'>et</span> <span class='ocrx_word' id='word_1_195' title='bbox 621 3363 677 3452; x_wconf 93' lang='lat' dir='ltr'>qui</span> <span class='ocrx_word' id='word_1_196' title='bbox 692 3362 896 3428; x_wconf 81' lang='lat' dir='ltr'>tenuissimus</span> <span class='ocrx_word' id='word_1_197' title='bbox 912 3362 1002 3440; x_wconf 88' lang='lat' dir='ltr'>olim,</span> 
     </span>
     <span class='ocr_line' id='line_1_29' title="bbox 164 3466 1156 3560; baseline -0.004 -27"><span class='ocrx_word' id='word_1_198' title='bbox 164 3491 207 3557; x_wconf 90' lang='lat'>90</span> <span class='ocrx_word' id='word_1_199' title='bbox 230 3470 324 3534; x_wconf 89' lang='lat' dir='ltr'>Nunc</span> <span class='ocrx_word' id='word_1_200' title='bbox 339 3486 468 3535; x_wconf 83' lang='lat' dir='ltr'>tenuem</span> <span class='ocrx_word' id='word_1_201' title='bbox 483 3468 617 3560; x_wconf 85' lang='lat' dir='ltr'>accipio.</span> <span class='ocrx_word' id='word_1_202' title='bbox 634 3472 743 3551; x_wconf 81' lang='lat' dir='ltr'>Pater,</span> <span class='ocrx_word' id='word_1_203' title='bbox 759 3471 929 3534; x_wconf 82' lang='lat' dir='ltr'>amborum</span> <span class='ocrx_word' id='word_1_204' title='bbox 942 3491 1047 3533; x_wconf 82' lang='lat' dir='ltr'>annue</span> <span class='ocrx_word' id='word_1_205' title='bbox 1062 3466 1156 3530; x_wconf 77' lang='lat' dir='ltr'>votis.</span> 
     </span>
    </p>
   </div>
   <div class='ocr_carea' id='block_1_3' title="bbox 141 3686 1262 3824">
    <p class='ocr_par' dir='ltr' id='par_1_3' title="bbox 141 3686 1262 3824">
     <span class='ocr_line' id='line_1_30' title="bbox 141 3686 1262 3757; baseline 0 -19"><span class='ocrx_word' id='word_1_206' title='bbox 141 3696 227 3748; x_wconf 70' lang='lat' dir='ltr'>terrun,</span> <span class='ocrx_word' id='word_1_207' title='bbox 246 3705 260 3738; x_wconf 89' lang='lat' dir='ltr'>e</span> <span class='ocrx_word' id='word_1_208' title='bbox 276 3687 348 3738; x_wconf 77' lang='lat' dir='ltr'>terris</span> <span class='ocrx_word' id='word_1_209' title='bbox 359 3689 390 3738; x_wconf 83' lang='lat' dir='ltr'>ud</span> <span class='ocrx_word' id='word_1_210' title='bbox 405 3688 490 3739; x_wconf 74' lang='lat' dir='ltr'>celum</span> <span class='ocrx_word' id='word_1_211' title='bbox 504 3691 588 3741; x_wconf 81' lang='lat' dir='ltr'>redux.</span> <span class='ocrx_word' id='word_1_212' title='bbox 604 3720 635 3729; x_wconf 94' lang='lat'><em>-</em></span> <span class='ocrx_word' id='word_1_213' title='bbox 654 3695 739 3743; x_wconf 68' lang='lat' dir='ltr'>&#39;io-95.</span> <span class='ocrx_word' id='word_1_214' title='bbox 762 3690 829 3742; x_wconf 79' lang='lat' dir='ltr'>Novo</span> <span class='ocrx_word' id='word_1_215' title='bbox 840 3691 950 3757; x_wconf 72' lang='lat' dir='ltr'>quodum</span> <span class='ocrx_word' id='word_1_216' title='bbox 961 3706 1028 3742; x_wconf 72' lang='lat' dir='ltr'>ruere</span> <span class='ocrx_word' id='word_1_217' title='bbox 1041 3686 1262 3756; x_wconf 65' lang='lat' dir='ltr'>pseudochristum</span> 
     </span>
     <span class='ocr_line' id='line_1_31' title="bbox 141 3769 670 3824; baseline 0.009 -6"><span class='ocrx_word' id='word_1_218' title='bbox 141 3783 157 3818; x_wconf 80' lang='grc' dir='ltr'>ι</span> <span class='ocrx_word' id='word_1_219' title='bbox 175 3777 231 3818; x_wconf 74' lang='lat' dir='ltr'>vute</span> <span class='ocrx_word' id='word_1_220' title='bbox 243 3769 362 3819; x_wconf 83' lang='lat' dir='ltr'>doeemur</span> <span class='ocrx_word' id='word_1_221' title='bbox 377 3780 401 3821; x_wconf 84' lang='lat' dir='ltr'>et</span> <span class='ocrx_word' id='word_1_222' title='bbox 412 3773 622 3824; x_wconf 75' lang='lat' dir='ltr'>commendantur.</span> <span class='ocrx_word' id='word_1_223' title='bbox 640 3800 670 3811; x_wconf 87' lang='lat'>-·</span> 
     </span>
    </p>
   </div>
   <div class='ocr_carea' id='block_1_4' title="bbox 120 3962 1266 4558">
    <p class='ocr_par' dir='ltr' id='par_1_4' title="bbox 141 3962 1264 4025">
     <span class='ocr_line' id='line_1_32' title="bbox 141 3962 1264 4025; baseline -0.003 -12"><span class='ocrx_word' id='word_1_224' title='bbox 141 3962 257 4013; x_wconf 70' lang='lat' dir='ltr'>audacter</span> <span class='ocrx_word' id='word_1_225' title='bbox 265 3963 393 4013; x_wconf 76' lang='lat' dir='ltr'>nneetud</span> <span class='ocrx_word' id='word_1_226' title='bbox 399 3963 539 4013; x_wconf 74' lang='lat' dir='ltr'>metmmin</span> <span class='ocrx_word' id='word_1_227' title='bbox 549 3980 599 4013; x_wconf 89' lang='lat' dir='ltr'>uuo</span> <span class='ocrx_word' id='word_1_228' title='bbox 611 3963 685 4014; x_wconf 81' lang='lat' dir='ltr'>verbo</span> <span class='ocrx_word' id='word_1_229' title='bbox 752 3967 792 4015; x_wconf 83' lang='grc'>85.</span> <span class='ocrx_word' id='word_1_230' title='bbox 813 3962 891 4019; x_wconf 82' lang='lat' dir='ltr'>Godd.</span> <span class='ocrx_word' id='word_1_231' title='bbox 909 3964 1006 4025; x_wconf 79' lang='grc' dir='ltr'>κλιίσης</span> <span class='ocrx_word' id='word_1_232' title='bbox 1021 3973 1046 4013; x_wconf 79' lang='lat' dir='ltr'>et</span> <span class='ocrx_word' id='word_1_233' title='bbox 1065 3963 1184 4023; x_wconf 70' lang='grc' dir='ltr'>ἐπήλυδος</span> <span class='ocrx_word' id='word_1_234' title='bbox 1200 3977 1206 4012; x_wconf 89' lang='lat'><strong>:</strong></span> <span class='ocrx_word' id='word_1_235' title='bbox 1220 3979 1264 4013; x_wconf 77' lang='lat' dir='ltr'>nos</span> 
     </span>
    </p>

    <p class='ocr_par' dir='ltr' id='par_1_5' title="bbox 142 4036 781 4105">
     <span class='ocr_line' id='line_1_33' title="bbox 142 4036 781 4105; baseline 0.003 -18"><span class='ocrx_word' id='word_1_236' title='bbox 142 4036 181 4088; x_wconf 77' lang='lat' dir='ltr'>bis</span> <span class='ocrx_word' id='word_1_237' title='bbox 196 4037 314 4105; x_wconf 86' lang='lat' dir='ltr'>improbe.</span> <span class='ocrx_word' id='word_1_238' title='bbox 331 4037 460 4089; x_wconf 64' lang='lat' dir='ltr'>leniretur</span> <span class='ocrx_word' id='word_1_239' title='bbox 472 4039 596 4088; x_wconf 80' lang='lat' dir='ltr'>molumui</span> <span class='ocrx_word' id='word_1_240' title='bbox 612 4041 686 4092; x_wconf 78' lang='grc' dir='ltr'><strong>θεοῖο</strong></span> <span class='ocrx_word' id='word_1_241' title='bbox 718 4055 781 4089; x_wconf 81' lang='lat' dir='ltr'>corr.</span> 
     </span>
    </p>

    <p class='ocr_par' dir='ltr' id='par_1_6' title="bbox 142 4113 1265 4405">
     <span class='ocr_line' id='line_1_34' title="bbox 142 4113 1264 4181; baseline 0 -17"><span class='ocrx_word' id='word_1_242' title='bbox 142 4113 273 4180; x_wconf 70' lang='lat' dir='ltr'>lugeretur,</span> <span class='ocrx_word' id='word_1_243' title='bbox 286 4130 425 4181; x_wconf 77' lang='lat' dir='ltr'>qumquem</span> <span class='ocrx_word' id='word_1_244' title='bbox 437 4114 492 4164; x_wconf 82' lang='lat' dir='ltr'>ride</span> <span class='ocrx_word' id='word_1_245' title='bbox 502 4113 548 4177; x_wconf 79' lang='grc' dir='ltr'>ΙΙΙ,</span> <span class='ocrx_word' id='word_1_246' title='bbox 562 4118 620 4166; x_wconf 70' lang='lat'>³2⁴.</span> <span class='ocrx_word' id='word_1_247' title='bbox 753 4119 794 4166; x_wconf 80' lang='lat'>86.</span> <span class='ocrx_word' id='word_1_248' title='bbox 811 4114 888 4165; x_wconf 88' lang='lat' dir='ltr'>Codd.</span> <span class='ocrx_word' id='word_1_249' title='bbox 903 4115 984 4174; x_wconf 80' lang='grc' dir='ltr'><strong>πενίης</strong></span> <span class='ocrx_word' id='word_1_250' title='bbox 993 4115 1138 4181; x_wconf 72' lang='grc' dir='ltr'>ἔπερυιέναι</span> <span class='ocrx_word' id='word_1_251' title='bbox 1147 4114 1209 4179; x_wconf 58' lang='grc' dir='ltr'>λιμῷ</span> <span class='ocrx_word' id='word_1_252' title='bbox 1225 4114 1264 4164; x_wconf 76' lang='lat' dir='ltr'>rei</span> 
     </span>
     <span class='ocr_line' id='line_1_35' title="bbox 178 4189 1265 4259; baseline -0.001 -19"><span class='ocrx_word' id='word_1_253' title='bbox 178 4192 218 4241; x_wconf 75' lang='lat'>75.</span> <span class='ocrx_word' id='word_1_254' title='bbox 238 4189 314 4240; x_wconf 83' lang='lat' dir='ltr'>Godd.</span> <span class='ocrx_word' id='word_1_255' title='bbox 331 4191 493 4241; x_wconf 74' lang='grc' dir='ltr'>δικαιοτάτων</span> <span class='ocrx_word' id='word_1_256' title='bbox 507 4205 542 4239; x_wconf 77' lang='grc' dir='ltr'>τι.</span> <span class='ocrx_word' id='word_1_257' title='bbox 720 4192 867 4259; x_wconf 61' lang='lat' dir='ltr'>&amp;reponerem</span> <span class='ocrx_word' id='word_1_258' title='bbox 882 4207 887 4239; x_wconf 91' lang='lat'>:</span> <span class='ocrx_word' id='word_1_259' title='bbox 902 4207 946 4240; x_wconf 79' lang='lat' dir='ltr'>nos</span> <span class='ocrx_word' id='word_1_260' title='bbox 959 4207 1023 4240; x_wconf 87' lang='lat' dir='ltr'>corr.</span> <span class='ocrx_word' id='word_1_261' title='bbox 1037 4208 1066 4240; x_wconf 86' lang='lat' dir='ltr'>ex</span> <span class='ocrx_word' id='word_1_262' title='bbox 1081 4190 1184 4239; x_wconf 81' lang='lat' dir='ltr'>Homero</span> <span class='ocrx_word' id='word_1_263' title='bbox 1198 4189 1265 4239; x_wconf 76' lang='lat' dir='ltr'>ride·</span> 
     </span>
     <span class='ocr_line' id='line_1_36' title="bbox 178 4255 1257 4332; baseline 0.001 -17"><span class='ocrx_word' id='word_1_264' title='bbox 178 4267 218 4316; x_wconf 80' lang='grc'>78.</span> <span class='ocrx_word' id='word_1_265' title='bbox 237 4265 277 4315; x_wconf 78' lang='lat' dir='ltr'>An</span> <span class='ocrx_word' id='word_1_266' title='bbox 290 4267 380 4329; x_wconf 71' lang='grc' dir='ltr'>κόψας,</span> <span class='ocrx_word' id='word_1_267' title='bbox 392 4275 420 4316; x_wconf 84' lang='lat' dir='ltr'>ut</span> <span class='ocrx_word' id='word_1_268' title='bbox 432 4264 488 4331; x_wconf 76' lang='lat' dir='ltr'>Ops.</span> <span class='ocrx_word' id='word_1_269' title='bbox 503 4281 517 4314; x_wconf 82' lang='lat' dir='ltr'>e</span> <span class='ocrx_word' id='word_1_270' title='bbox 531 4266 613 4331; x_wconf 58' lang='lat' dir='ltr'>coni?</span> <span class='ocrx_word' id='word_1_271' title='bbox 720 4268 787 4326; x_wconf 79' lang='lat' dir='ltr'>licet,</span> <span class='ocrx_word' id='word_1_272' title='bbox 801 4266 886 4332; x_wconf 76' lang='lat' dir='ltr'>Odyso.</span> <span class='ocrx_word' id='word_1_273' title='bbox 903 4283 923 4323; x_wconf 88' lang='grc' dir='ltr'>ε,</span> <span class='ocrx_word' id='word_1_274' title='bbox 942 4271 998 4316; x_wconf 78' lang='grc'><strong>166.</strong></span> <span class='ocrx_word' id='word_1_275' title='bbox 1254 4255 1257 4264; x_wconf 67' lang='grc'><strong>’</strong></span> 
     </span>
     <span class='ocr_line' id='line_1_37' title="bbox 177 4338 1265 4405; baseline -0.004 -13"><span class='ocrx_word' id='word_1_276' title='bbox 177 4343 218 4392; x_wconf 76' lang='lat'>⁸2.</span> <span class='ocrx_word' id='word_1_277' title='bbox 237 4340 314 4390; x_wconf 84' lang='lat' dir='ltr'>Codd.</span> <span class='ocrx_word' id='word_1_278' title='bbox 330 4343 358 4398; x_wconf 79' lang='grc' dir='ltr'>ὅς</span> <span class='ocrx_word' id='word_1_279' title='bbox 370 4359 399 4392; x_wconf 78' lang='grc' dir='ltr'>σε</span> <span class='ocrx_word' id='word_1_280' title='bbox 413 4342 486 4405; x_wconf 81' lang='grc' dir='ltr'>λόγον</span> <span class='ocrx_word' id='word_1_281' title='bbox 502 4341 541 4390; x_wconf 84' lang='lat' dir='ltr'>vel</span> <span class='ocrx_word' id='word_1_282' title='bbox 559 4343 588 4398; x_wconf 78' lang='grc' dir='ltr'>ὃς</span> <span class='ocrx_word' id='word_1_283' title='bbox 600 4358 629 4391; x_wconf 80' lang='grc' dir='ltr'>σε</span> <span class='ocrx_word' id='word_1_284' title='bbox 647 4340 688 4390; x_wconf 59' lang='lat' dir='ltr'>io·</span> <span class='ocrx_word' id='word_1_285' title='bbox 754 4345 794 4392; x_wconf 76' lang='lat'>90.</span> <span class='ocrx_word' id='word_1_286' title='bbox 815 4342 890 4390; x_wconf 84' lang='lat' dir='ltr'>Codd.</span> <span class='ocrx_word' id='word_1_287' title='bbox 909 4341 1020 4404; x_wconf 67' lang='grc' dir='ltr'>ἀμφαδός</span> <span class='ocrx_word' id='word_1_288' title='bbox 1040 4341 1079 4390; x_wconf 79' lang='lat' dir='ltr'>vel</span> <span class='ocrx_word' id='word_1_289' title='bbox 1097 4339 1214 4403; x_wconf 78' lang='grc' dir='ltr'>ἀμφωδὸς</span> <span class='ocrx_word' id='word_1_290' title='bbox 1227 4338 1265 4388; x_wconf 77' lang='lat' dir='ltr'>rel</span> 
     </span>
    </p>

    <p class='ocr_par' dir='ltr' id='par_1_7' title="bbox 120 4408 1263 4487">
     <span class='ocr_line' id='line_1_38' title="bbox 120 4408 1263 4487; baseline -0.004 -19"><span class='ocrx_word' id='word_1_291' title='bbox 120 4473 127 4487; x_wconf 24' lang='grc' dir='ltr'>ἱ</span> <span class='ocrx_word' id='word_1_292' title='bbox 143 4431 204 4478; x_wconf 67' lang='lat' dir='ltr'>roc:</span> <span class='ocrx_word' id='word_1_293' title='bbox 218 4431 263 4466; x_wconf 77' lang='lat' dir='ltr'>noo</span> <span class='ocrx_word' id='word_1_294' title='bbox 275 4432 339 4466; x_wconf 86' lang='lat' dir='ltr'>corr.</span> <span class='ocrx_word' id='word_1_295' title='bbox 720 4417 844 4483; x_wconf 80' lang='grc' dir='ltr'>ἀμφοδὸς,</span> <span class='ocrx_word' id='word_1_296' title='bbox 865 4408 894 4466; x_wconf 83' lang='grc' dir='ltr'>οὗ</span> <span class='ocrx_word' id='word_1_297' title='bbox 909 4418 987 4483; x_wconf 77' lang='grc' dir='ltr'>πάτερ</span> <span class='ocrx_word' id='word_1_298' title='bbox 1007 4417 1204 4482; x_wconf 78' lang='grc' dir='ltr'><strong>συγχωρηγητὴρ</strong></span> <span class='ocrx_word' id='word_1_299' title='bbox 1225 4416 1263 4465; x_wconf 69' lang='grc' dir='ltr'>ἐπ.</span> 
     </span>
    </p>

    <p class='ocr_par' dir='ltr' id='par_1_8' title="bbox 179 4490 1266 4558">
     <span class='ocr_line' id='line_1_39' title="bbox 179 4490 1266 4558; baseline -0.005 -14"><span class='ocrx_word' id='word_1_300' title='bbox 179 4495 220 4544; x_wconf 73' lang='grc'>84.</span> <span class='ocrx_word' id='word_1_301' title='bbox 240 4490 291 4543; x_wconf 79' lang='lat' dir='ltr'>cu.</span> <span class='ocrx_word' id='word_1_302' title='bbox 304 4491 346 4552; x_wconf 79' lang='lat' dir='ltr'>Vl,</span> <span class='ocrx_word' id='word_1_303' title='bbox 360 4496 384 4544; x_wconf 76' lang='grc'>6.</span> <span class='ocrx_word' id='word_1_304' title='bbox 401 4491 502 4544; x_wconf 76' lang='lat' dir='ltr'>Volebot</span> <span class='ocrx_word' id='word_1_305' title='bbox 516 4491 642 4556; x_wconf 68' lang='lat' dir='ltr'>suavius,</span> <span class='ocrx_word' id='word_1_306' title='bbox 657 4492 687 4542; x_wconf 77' lang='grc' dir='ltr'>δι’</span> <span class='ocrx_word' id='word_1_307' title='bbox 720 4491 825 4553; x_wconf 77' lang='lat' dir='ltr'>Quidum</span> <span class='ocrx_word' id='word_1_308' title='bbox 839 4500 920 4542; x_wconf 73' lang='lat' dir='ltr'>tumen</span> <span class='ocrx_word' id='word_1_309' title='bbox 934 4493 963 4543; x_wconf 78' lang='grc' dir='ltr'>οὐ</span> <span class='ocrx_word' id='word_1_310' title='bbox 976 4493 1053 4558; x_wconf 74' lang='grc' dir='ltr'>πάτερ</span> <span class='ocrx_word' id='word_1_311' title='bbox 1068 4491 1105 4540; x_wconf 77' lang='lat' dir='ltr'>rel</span> <span class='ocrx_word' id='word_1_312' title='bbox 1119 4491 1151 4541; x_wconf 82' lang='grc' dir='ltr'>σὺ</span> <span class='ocrx_word' id='word_1_313' title='bbox 1164 4491 1242 4556; x_wconf 74' lang='grc' dir='ltr'>πάτερ</span> <span class='ocrx_word' id='word_1_314' title='bbox 1259 4505 1266 4539; x_wconf 77' lang='lat'>2</span> 
     </span>
    </p>
   </div>
   <div class='ocr_carea' id='block_1_5' title="bbox 145 4557 841 4635">
    <p class='ocr_par' dir='ltr' id='par_1_9' title="bbox 145 4557 841 4635">
     <span class='ocr_line' id='line_1_40' title="bbox 145 4557 841 4635; baseline -0.003 -17"><span class='ocrx_word' id='word_1_315' title='bbox 145 4557 175 4618; x_wconf 78' lang='grc' dir='ltr'>οὗ</span> <span class='ocrx_word' id='word_1_316' title='bbox 186 4566 287 4635; x_wconf 66' lang='grc' dir='ltr'>πυρόεις</span> <span class='ocrx_word' id='word_1_317' title='bbox 300 4568 437 4633; x_wconf 58' lang='grc' dir='ltr'>ἐφαάνθης,</span> <span class='ocrx_word' id='word_1_318' title='bbox 450 4568 493 4618; x_wconf 74' lang='lat' dir='ltr'>oud</span> <span class='ocrx_word' id='word_1_319' title='bbox 506 4568 587 4618; x_wconf 78' lang='lat' dir='ltr'>minuo</span> <span class='ocrx_word' id='word_1_320' title='bbox 599 4576 672 4618; x_wconf 72' lang='lat' dir='ltr'>nere.</span> <span class='ocrx_word' id='word_1_321' title='bbox 719 4582 764 4617; x_wconf 81' lang='lat' dir='ltr'>nor</span> <span class='ocrx_word' id='word_1_322' title='bbox 776 4582 841 4617; x_wconf 86' lang='lat' dir='ltr'>oorr.</span> 
     </span>
    </p>
   </div>
   <div class='ocr_carea' id='block_1_6' title="bbox 0 0 1613 5310">
    <p class='ocr_par' dir='ltr' id='par_1_10' title="bbox 0 0 1613 5310">
     <span class='ocr_line' id='line_1_41' title="bbox 0 0 1613 5310; baseline 0 0"><span class='ocrx_word' id='word_1_323' title='bbox 0 0 1613 5310; x_wconf 95' lang='lat' dir='ltr'> </span> 
     </span>
    </p>
   </div>
  </div>
 </body>
</html>
