3186 5310
229 381 289 443 224
554 380 817 446 ΣΙΒΥΛΔΙΑΚΩΝ
839 380 967 443 ΛΟΓΟΣ
988 379 1023 439 11.

338 528 490 621 Σκῆπτρα
501 519 530 594 δ’
543 525 760 622 ἀραιρόσουσι,
778 528 830 599 καὶ
848 529 890 609 εἰς
907 517 1007 596 Ᾰΐδαο
1022 526 1160 619 περόσει.

237 635 299 702 ιδυ
393 613 469 714 Ηξει
483 635 535 704 καὶ
552 621 671 718 Ροδίοις
684 642 779 708 κακὸν
794 643 940 722 ὕστατον,
961 630 1042 703 ἀλλά
1060 635 1224 728 μέγιστον.

341 740 404 809 Καὶ
424 738 559 821 Θόόαισι
572 752 653 824 κακή
666 773 701 843 γε
717 749 797 841 μένει
810 743 992 840 μετόπισθεν
1011 740 1139 819 ἅλωσις,

341 847 502 944 Αἴγυπτος
518 845 546 919 δ’
563 854 723 923 ἀπολεῖται
738 860 787 949 ὑφ’
798 854 954 950 ἡγεμόνων
974 850 1160 926 κακότητος·

341 943 388 1036 Ως
404 951 440 1025 δὲ
458 960 510 1028 καὶ
529 957 556 1028 οἳ
571 963 731 1053 μετόπισθ’
745 965 855 1058 ἔφυγον
877 957 986 1055 βροτοὶ
1005 957 1095 1026 αἰπὺν
1116 954 1260 1048 ὄλεθρον,
1365 965 1368 969 ’
1393 962 1396 967 ’

343 1066 613 1162 Τρισμακάριστος
628 1071 679 1144 ἔην
696 1072 748 1140 καὶ
768 1069 910 1166 τετράκις
925 1060 1029 1144 όλόιος
1050 1065 1136 1157 ἀνήρ.

240 1171 300 1242 165
340 1154 439 1241 δσται
457 1177 508 1244 καὶ
522 1161 616 1269 Ριόμη
635 1179 727 1272 ρόμη,
742 1178 795 1247 καὶ
810 1180 907 1257 Δῆλος
926 1166 1054 1259 ἄδηλος,

342 1279 405 1349 Καὶ
418 1283 520 1378 Σάμος
538 1280 639 1378 ἀμμος
671 1327 1080 1357 ...........

341 1372 474 1486 Ῠστερον
489 1388 526 1460 αὖ
548 1395 717 1485 μετέπειτα
734 1395 786 1463 καὶ
804 1393 845 1473 εἰς
864 1394 986 1486 Πέρσας
1000 1389 1093 1459 κακὸν
1107 1377 1173 1470 ἥξει

341 1485 414 1564 Ᾱνθ
428 1500 652 1595 ὑπερηφανίας·
670 1504 831 1570 ἀπολεῖται
848 1485 912 1596 [δ’]
928 1495 1012 1594 ῦόρις
1027 1497 1148 1565 ἀπασα.

396 1604 458 1675 Καὶ
471 1609 541 1676 τότε
557 1608 647 1703 ἀρνός
667 1604 745 1688 ἀναξ
758 1611 858 1689 πόσης
875 1618 931 1698 γῆς
949 1617 1094 1698 σκῆπτρα
1111 1605 1261 1695 xpm&

138 1784 140 1789 2
239 1735 301 1802 170
342 1715 396 1793 Εἰς
410 1715 522 1796 αἰῶνας
537 1717 689 1807 ἅπαντας,
705 1702 961 1812 [ἀπυ]ρθιμένους
975 1710 1141 1808 ἀνεγείρας.

342 1827 416 1901 Τοῖς
434 1807 529 1917 Ρώμη
550 1821 677 1914 ὕψιστος
696 1822 766 1920 ἀγυι
784 1824 909 1918 οἰκτρήν
926 1824 996 1891 τότε
1040 1822 1134 1914 οίρην,

343 1928 442 1997 Πᾶσίν
460 1917 517 2027 [τ’]
531 1932 731 2027 ἀνθρώποισιν
745 1961 753 1975 ·
769 1935 849 2025 όρυις
866 1917 929 2026 [δ’]
948 1930 998 1998 ἐπὶ
1015 1848 1125 2024 fam]
1143 1929 1309 1994 ὀλοῦνται.

342 2025 420 2106 Ᾱλλ’
434 2044 467 2107 οὐ
485 2047 525 2133 μὴ
543 2040 716 2121 πεισθῶσιν,
733 2043 750 2106 ό
764 2066 814 2108 κεν
829 2039 908 2108 πολθ
923 2038 1014 2106 λώϊόν
1033 2039 1125 2104 ἐστιν.

345 2132 424 2213 Ᾰλλ’
443 2147 558 2216 ὁπόταν
578 2140 617 2223 δὴ
637 2153 730 2216 πᾶσιν
745 2140 900 2240 ε’παυξόσῃ
923 2146 1016 2214 κακὸν
1037 2141 1120 2238 ἦμαρ

243 2252 303 2342 175
343 2255 445 2345 Λιμοῦ
458 2254 511 2323 καὶ
524 2260 644 2350 λοιμοῦ,
659 2248 890 2349 δυσανασχέτου
906 2280 941 2322 τε
954 2244 1116 2343 κυδοιμοῦ,

344 2362 407 2429 Καὶ
422 2364 488 2431 τότ’
501 2365 596 2432 ἔπειτ’
611 2360 694 2445 αὖθις
712 2363 817 2457 κρείων
833 2361 1001 2455 ἔμπροσθεν
1024 2367 1039 2429 ό
1057 2361 1206 2452 τλήμων,

344 2470 541 2563 Συγκαλέσας
561 2473 686 2558 βουλὴν,
707 2473 903 2556 βουλεύσεται
919 2475 958 2548 ὡς
978 2469 1140 2537 ἀπολέσσει

397 2684 483 2777 Ξηρδι
505 2686 558 2777 μὲν
578 2686 756 2761 ἀνθήσουσιν
774 2693 850 2780 ὁμοῦ
869 2688 1010 2778 ρόλλοισι
1024 2683 1177 2775 φανέντα·

346 2776 491 2885 (λθράνιόν
507 2783 535 2857 δ’
550 2785 663 2886 ἔδαφος
682 2785 773 2872 δείξει
791 2799 900 2886 στερεᾷ
917 2795 967 2861 ἐπὶ
983 2796 1081 2886 πέτρῃ

243 2898 306 2967 180
347 2885 474 2993 ὁμόρου
489 2925 533 2988 τε,
550 2904 688 2994 ρλογμόν
708 2928 755 2987 τε,
775 2901 963 2970 πολύπνοιάν
984 2905 1012 2968 τ’
1027 2901 1076 2967 ἐπὶ
1094 2902 1197 2993 γαῖαν,

345 3008 408 3091 Καὶ
424 3010 580 3103 σπορίμων
595 3007 712 3082 πληθὺν
735 3009 785 3076 ἰῶν
805 3009 889 3077 κατὰ
906 3016 997 3103 γαῖαν
1015 3005 1150 3074 εἴπασαν.

344 3103 435 3184 Ᾰλλά
448 3117 540 3184 παλιν
554 3108 719 3210 πράξουσιν
738 3110 868 3184 ἀναιδέα
889 3116 982 3209 θυμὸν
999 3116 1132 3208 ἔχοντες,

345 3227 392 3291 Οὐ
413 3229 530 3318 μόνιμα
549 3228 631 3293 Θεοῦ
652 3216 816 3311 δειδιότες,
838 3226 901 3292 οὔτ’
919 3223 1096 3318 ἀνθρώπων,

235 3454 266 3468 -
281 3429 345 3488 160,
363 3444 416 3494 sqq.
433 3426 551 3495 Suprema
566 3427 605 3493 [ει
623 3427 673 3494 jam
686 3427 747 3479 alibi
771 3426 905 3495 praedicta]
933 3425 1036 3477 Rhodiis
1055 3426 1212 3493 portenditur
1232 3425 1330 3493 elada,
1344 3435 1372 3480 et

234 3513 324 3564 Thebis
337 3511 503 3580 [AEgyptiis]‚
527 3522 551 3563 et
565 3513 610 3563 toti
625 3513 739 3581 AEgypw,
761 3523 785 3563 et
795 3512 887 3563 fflomae
900 3513 951 3578 jam
963 3512 990 3561 in
1003 3513 1090 3561 rudera
1106 3511 1236 3565 vertendoe.
1254 3521 1282 3562 et
1296 3496 1369 3572 ndo,

234 3609 259 3651 et
273 3599 354 3660 Samo,
369 3606 393 3647 et
408 3597 485 3647 Persis
500 3596 541 3662 [id
552 3606 596 3655 est,
613 3597 731 3666 Parthis]‚
746 3596 865 3664 superbiae
877 3613 959 3664 poenas
970 3595 1071 3647 daturis.
1088 3625 1115 3634 -
1134 3598 1190 3656 109,
1201 3611 1238 3662 sq.
1252 3593 1371 3664 Regnum

235 3682 333 3745 11εοείιι,
352 3684 470 3736 revocatis
490 3700 504 3734 e
520 3684 615 3734 tumulo
629 3685 732 3735 mortuis
753 3685 807 3749 [sed
825 3684 896 3750 justis
909 3695 1014 3746 tamum,
1035 3694 1062 3734 ut
1079 3682 1184 3744 videtur,
1197 3698 1227 3733 ιο
1240 3684 1372 3752 praecipue

271 3855 325 3903 160.
344 3850 381 3901 Ex
396 3850 437 3911 w,
452 3855 508 3911 101,
524 3861 548 3901 σε
562 3851 606 3900 cfr.
621 3849 665 3909 111,
684 3856 738 3903 166.
850 3854 905 3909 166,
915 3868 951 3918 sq.
968 3850 1004 3902 Ex
1015 3847 1056 3907 w,
1071 3846 1272 3916 9l,sq.:confer
1281 3848 1369 3912 etim,

269 3929 326 3978 161.
347 3928 381 3977 Ex
395 3926 437 3986 IV,
453 3929 495 3976 89.
814 3924 856 3985 111,
872 3932 931 3986 364,
944 3936 969 3977 et
980 3927 1036 3977 vide
1046 3935 1097 3977 ιιοι.

269 4005 326 4054 162.
346 4003 397 4054 cfr.
412 4005 442 4062 V,
459 4006 497 4061 11,
515 4003 556 4052 ubi
571 4003 601 4052 de
616 4003 752 4069 Cleopatra.
849 4006 904 4054 166.
925 4003 1028 4069 Reliqua
1042 4018 1124 4053 versus
1137 3999 1276 4068 supplenda
1288 4018 1319 4052 ex
1329 3999 1373 4060 lv,

268 4081 324 4130 163.
342 4079 418 4129 Codd.
439 4080 512 4136 ὡςδὲ
526 4080 567 4128 καί
585 4082 621 4136 οἱ,
642 4089 743 4130 vacante
757 4081 780 4129 οἱ
814 4083 844 4133 91,
862 4097 867 4128 :
882 4080 931 4130 Καὶ
946 4080 1028 4144 Σάμον
1045 4079 1129 4144 ἄμμος
1143 4078 1241 4128 ἅπασαν
1257 4077 1303 4129 ὑπ’
1317 4078 1374 4138 ἠῐό·

232 4154 397 4205 Alexandrino
411 4171 491 4214 more,
512 4156 553 4204 sed
566 4155 639 4213 falso,
655 4164 683 4204 ut
694 4156 781 4221 opina·
813 4172 884 4206 υεσσι
895 4156 1009 4219 καλύψει.
1289 4146 1292 4153 ’

232 4244 289 4281 mur
302 4249 308 4281 z
319 4248 404 4281 verum
416 4231 482 4282 enim
495 4240 531 4281 οιε
549 4229 571 4282 οἳ
587 4233 693 4296 ἔφυγον,
711 4254 723 4275 «ι
736 4229 780 4297 qui
851 4237 905 4283 168.
925 4232 1003 4282 codd.
1020 4232 1040 4282 δ’
1056 4231 1181 4282 omittunt.

232 4306 353 4374 fugerint,
376 4324 418 4358 εευ
445 4307 465 4358 εἰ
485 4308 540 4373 quis
560 4306 648 4372 fugerit
669 4328 691 4355 υ.
719 4307 781 4356 Vide
850 4311 905 4359 110.
926 4307 1003 4358 Codd.
1024 4308 1083 4365 τοῦς
1097 4307 1244 4373 φθιμένους,
1259 4305 1310 4358 ubi
1326 4320 1374 4357 σοι

231 4391 314 4434 tamen
325 4399 357 4434 an
371 4400 415 4451 pro
433 4386 467 4440 ὡς
485 4385 511 4433 δέ
524 4383 678 4432 scribendum
696 4383 727 4432 sit
746 4384 780 4439 ὥς
814 4385 904 4447 ἀπορθ.

229 4460 271 4519 δέ,
293 4459 356 4510 idem
378 4459 458 4510 valens
478 4460 544 4525 quod
566 4459 638 4524 vulgo
659 4458 709 4508 ἀλλ’
727 4460 776 4514 ὥς,
849 4463 905 4511 111.
926 4459 977 4510 Csr.
994 4460 1056 4519 xlv,
1073 4464 1131 4511 303.

230 4537 291 4589 nie
304 4545 386 4590 umen
398 4557 421 4589 ε.
847 4540 902 4587 112.
922 4535 1001 4586 Godd.
1016 4536 1090 4588 πᾶσιν
1105 4536 1128 4586 δ’
1139 4536 1220 4602 ἀνθρ..
1234 4550 1266 4586 tc
1279 4535 1376 4588 deind·

524 4804 743 5004 Α
793 5015 797 5022 ,
