<?xml version="1.0" encoding="UTF-8"?>
<!DOCTYPE html PUBLIC "-//W3C//DTD XHTML 1.0 Transitional//EN"
    "http://www.w3.org/TR/xhtml1/DTD/xhtml1-transitional.dtd">
<html xmlns="http://www.w3.org/1999/xhtml" xml:lang="en" lang="en">
 <head>
  <title>
</title>
<meta http-equiv="Content-Type" content="text/html;charset=utf-8" />
  <meta name='ocr-system' content='tesseract 3.04.00' />
  <meta name='ocr-capabilities' content='ocr_page ocr_carea ocr_par ocr_line ocrx_word'/>
</head>
<body>
  <div class='ocr_page' id='page_1' title='image "./oraculasibyllin00alexgoog/oraculasibyllin00alexgoog_0110.png"; bbox 0 0 3186 5310; ppageno 0'>
   <div class='ocr_carea' id='block_1_1' title="bbox 487 423 923 491">
    <p class='ocr_par' dir='ltr' id='par_1_1' title="bbox 487 423 923 491">
     <span class='ocr_line' id='line_1_1' title="bbox 487 423 923 491; baseline 0.002 -7"><span class='ocrx_word' id='word_1_1' title='bbox 487 423 771 491; x_wconf 82' lang='lat' dir='ltr'><strong>SIBYLLlNORUlll</strong></span> <span class='ocrx_word' id='word_1_2' title='bbox 789 423 861 486; x_wconf 76' lang='lat' dir='ltr'><strong>ala.</strong></span> <span class='ocrx_word' id='word_1_3' title='bbox 883 425 923 486; x_wconf 90' lang='lat' dir='ltr'><strong>ll.</strong></span> 
     </span>
    </p>
   </div>
   <div class='ocr_carea' id='block_1_2' title="bbox 104 550 1242 3856">
    <p class='ocr_par' dir='ltr' id='par_1_2' title="bbox 104 550 1242 2892">
     <span class='ocr_line' id='line_1_2' title="bbox 165 550 1111 644; baseline 0.008 -32"><span class='ocrx_word' id='word_1_4' title='bbox 165 551 209 627; x_wconf 67' lang='lat' dir='ltr'><strong>do</strong></span> <span class='ocrx_word' id='word_1_5' title='bbox 231 550 293 614; x_wconf 90' lang='lat' dir='ltr'><strong>Per</strong></span> <span class='ocrx_word' id='word_1_6' title='bbox 307 567 420 635; x_wconf 88' lang='lat' dir='ltr'><strong>terras,</strong></span> <span class='ocrx_word' id='word_1_7' title='bbox 438 555 509 644; x_wconf 89' lang='lat' dir='ltr'><strong>quis</strong></span> <span class='ocrx_word' id='word_1_8' title='bbox 527 580 625 626; x_wconf 87' lang='lat' dir='ltr'><strong>ovans</strong></span> <span class='ocrx_word' id='word_1_9' title='bbox 636 557 703 623; x_wconf 89' lang='lat' dir='ltr'><strong>caeli</strong></span> <span class='ocrx_word' id='word_1_10' title='bbox 718 555 913 644; x_wconf 80' lang='lat' dir='ltr'><strong>ingrediatur</strong></span> <span class='ocrx_word' id='word_1_11' title='bbox 925 555 958 618; x_wconf 91' lang='lat' dir='ltr'><strong>in</strong></span> <span class='ocrx_word' id='word_1_12' title='bbox 973 579 1091 622; x_wconf 89' lang='lat' dir='ltr'><strong>arcem.</strong></span> <span class='ocrx_word' id='word_1_13' title='bbox 1109 583 1111 589; x_wconf 50' lang='lat'><strong>¹</strong></span> 
     </span>
     <span class='ocr_line' id='line_1_3' title="bbox 231 657 1034 755; baseline 0.006 -34"><span class='ocrx_word' id='word_1_14' title='bbox 231 657 344 724; x_wconf 89' lang='lat' dir='ltr'><strong>Omnis</strong></span> <span class='ocrx_word' id='word_1_15' title='bbox 363 660 483 752; x_wconf 90' lang='lat' dir='ltr'><strong>ubique</strong></span> <span class='ocrx_word' id='word_1_16' title='bbox 495 666 566 755; x_wconf 91' lang='lat' dir='ltr'><strong>pari</strong></span> <span class='ocrx_word' id='word_1_17' title='bbox 579 665 685 731; x_wconf 89' lang='lat' dir='ltr'><strong>studio</strong></span> <span class='ocrx_word' id='word_1_18' title='bbox 697 662 888 729; x_wconf 79' lang='lat' dir='ltr'><strong>immortalia</strong></span> <span class='ocrx_word' id='word_1_19' title='bbox 902 679 1034 753; x_wconf 92' lang='lat' dir='ltr'><strong>propter</strong></span> 
     </span>
     <span class='ocr_line' id='line_1_4' title="bbox 231 764 1004 862; baseline 0.008 -35"><span class='ocrx_word' id='word_1_20' title='bbox 231 764 363 831; x_wconf 74' lang='lat' dir='ltr'><strong>Praemia</strong></span> <span class='ocrx_word' id='word_1_21' title='bbox 379 770 551 836; x_wconf 78' lang='lat' dir='ltr'><strong>contendet</strong></span> <span class='ocrx_word' id='word_1_22' title='bbox 565 771 716 862; x_wconf 85' lang='lat' dir='ltr'><strong>populus,</strong></span> <span class='ocrx_word' id='word_1_23' title='bbox 730 769 863 836; x_wconf 91' lang='lat' dir='ltr'><strong>victoria</strong></span> <span class='ocrx_word' id='word_1_24' title='bbox 876 767 1004 859; x_wconf 86' lang='lat' dir='ltr'><strong>quando</strong></span> 
     </span>
     <span class='ocr_line' id='line_1_5' title="bbox 231 873 1094 967; baseline 0.009 -33"><span class='ocrx_word' id='word_1_25' title='bbox 231 873 395 939; x_wconf 75' lang='lat' dir='ltr'><strong>Accendet</strong></span> <span class='ocrx_word' id='word_1_26' title='bbox 408 877 559 964; x_wconf 85' lang='lat' dir='ltr'><strong>praeclara</strong></span> <span class='ocrx_word' id='word_1_27' title='bbox 572 879 707 945; x_wconf 86' lang='lat' dir='ltr'><strong>animos.</strong></span> <span class='ocrx_word' id='word_1_28' title='bbox 722 876 772 942; x_wconf 93' lang='lat' dir='ltr'><strong>Ibi</strong></span> <span class='ocrx_word' id='word_1_29' title='bbox 785 899 924 967; x_wconf 88' lang='lat' dir='ltr'><strong>namque</strong></span> <span class='ocrx_word' id='word_1_30' title='bbox 941 899 1094 942; x_wconf 89' lang='lat' dir='ltr'><strong>coronam</strong></span> 
     </span>
     <span class='ocr_line' id='line_1_6' title="bbox 232 977 1225 1076; baseline 0.006 -34"><span class='ocrx_word' id='word_1_31' title='bbox 232 977 336 1044; x_wconf 90' lang='lat' dir='ltr'><strong>Nemo</strong></span> <span class='ocrx_word' id='word_1_32' title='bbox 353 982 403 1046; x_wconf 88' lang='lat' dir='ltr'><strong>vel</strong></span> <span class='ocrx_word' id='word_1_33' title='bbox 416 984 538 1073; x_wconf 85' lang='lat' dir='ltr'><strong>argenti</strong></span> <span class='ocrx_word' id='word_1_34' title='bbox 554 984 658 1076; x_wconf 92' lang='lat' dir='ltr'><strong>pretio</strong></span> <span class='ocrx_word' id='word_1_35' title='bbox 675 985 725 1049; x_wconf 90' lang='lat' dir='ltr'><strong>vel</strong></span> <span class='ocrx_word' id='word_1_36' title='bbox 744 1000 911 1075; x_wconf 85' lang='lat' dir='ltr'><strong>comparat</strong></span> <span class='ocrx_word' id='word_1_37' title='bbox 926 981 1007 1050; x_wconf 90' lang='lat' dir='ltr'><strong>auri.</strong></span> <span class='ocrx_word' id='word_1_38' title='bbox 1106 1012 1108 1017; x_wconf 93' lang='lat'>·</span> <span class='ocrx_word' id='word_1_39' title='bbox 1212 1010 1225 1019; x_wconf 66' lang='grc'><strong>·’</strong></span> 
     </span>
     <span class='ocr_line' id='line_1_7' title="bbox 164 1083 1098 1181; baseline 0.009 -32"><span class='ocrx_word' id='word_1_40' title='bbox 164 1083 206 1162; x_wconf 75' lang='grc'><strong>45</strong></span> <span class='ocrx_word' id='word_1_41' title='bbox 231 1087 344 1153; x_wconf 85' lang='lat' dir='ltr'>Castus</span> <span class='ocrx_word' id='word_1_42' title='bbox 355 1087 446 1154; x_wconf 87' lang='lat' dir='ltr'><strong>adest</strong></span> <span class='ocrx_word' id='word_1_43' title='bbox 460 1091 515 1180; x_wconf 94' lang='lat' dir='ltr'><strong>qni</strong></span> <span class='ocrx_word' id='word_1_44' title='bbox 528 1109 635 1158; x_wconf 81' lang='lat' dir='ltr'><strong>sancta</strong></span> <span class='ocrx_word' id='word_1_45' title='bbox 646 1108 738 1181; x_wconf 83' lang='lat' dir='ltr'><strong>regat</strong></span> <span class='ocrx_word' id='word_1_46' title='bbox 749 1089 923 1157; x_wconf 89' lang='lat' dir='ltr'><strong>certamina</strong></span> <span class='ocrx_word' id='word_1_47' title='bbox 938 1089 1098 1174; x_wconf 82' lang='lat' dir='ltr'><strong>Christus,</strong></span> 
     </span>
     <span class='ocr_line' id='line_1_8' title="bbox 230 1193 1026 1289; baseline 0.008 -33"><span class='ocrx_word' id='word_1_48' title='bbox 230 1193 272 1256; x_wconf 89' lang='lat' dir='ltr'><strong>Et</strong></span> <span class='ocrx_word' id='word_1_49' title='bbox 287 1194 408 1260; x_wconf 88' lang='lat' dir='ltr'><strong>tribuat</strong></span> <span class='ocrx_word' id='word_1_50' title='bbox 422 1197 555 1288; x_wconf 87' lang='lat' dir='ltr'><strong>palmas,</strong></span> <span class='ocrx_word' id='word_1_51' title='bbox 572 1216 755 1288; x_wconf 86' lang='lat' dir='ltr'><strong>aeternaque</strong></span> <span class='ocrx_word' id='word_1_52' title='bbox 766 1196 898 1289; x_wconf 88' lang='lat' dir='ltr'><strong>praemia</strong></span> <span class='ocrx_word' id='word_1_53' title='bbox 912 1196 1026 1263; x_wconf 86' lang='lat' dir='ltr'><strong>reddat</strong></span> 
     </span>
     <span class='ocr_line' id='line_1_9' title="bbox 230 1301 1032 1396; baseline 0.007 -32"><span class='ocrx_word' id='word_1_54' title='bbox 230 1301 446 1391; x_wconf 58' lang='lat' dir='ltr'><strong>Martyribus5</strong></span> <span class='ocrx_word' id='word_1_55' title='bbox 460 1306 515 1396; x_wconf 90' lang='lat' dir='ltr'><strong>qui</strong></span> <span class='ocrx_word' id='word_1_56' title='bbox 529 1324 632 1373; x_wconf 90' lang='lat' dir='ltr'><strong>morte</strong></span> <span class='ocrx_word' id='word_1_57' title='bbox 649 1323 754 1388; x_wconf 77' lang='lat' dir='ltr'><strong>tenus,</strong></span> <span class='ocrx_word' id='word_1_58' title='bbox 769 1304 897 1396; x_wconf 86' lang='lat' dir='ltr'><strong>pietatis</strong></span> <span class='ocrx_word' id='word_1_59' title='bbox 908 1327 1032 1387; x_wconf 83' lang='lat' dir='ltr'><strong>amore,</strong></span> 
     </span>
     <span class='ocr_line' id='line_1_10' title="bbox 232 1408 1012 1504; baseline 0.004 -31"><span class='ocrx_word' id='word_1_60' title='bbox 232 1408 345 1474; x_wconf 83' lang='lat' dir='ltr'><strong>invicti</strong></span> <span class='ocrx_word' id='word_1_61' title='bbox 361 1413 506 1478; x_wconf 84' lang='lat' dir='ltr'><strong>steterint</strong></span> <span class='ocrx_word' id='word_1_62' title='bbox 521 1437 529 1480; x_wconf 78' lang='lat' dir='ltr'>t</span> <span class='ocrx_word' id='word_1_63' title='bbox 545 1431 614 1479; x_wconf 90' lang='lat' dir='ltr'><strong>tum</strong></span> <span class='ocrx_word' id='word_1_64' title='bbox 631 1413 688 1504; x_wconf 91' lang='lat' dir='ltr'><strong>qui</strong></span> <span class='ocrx_word' id='word_1_65' title='bbox 701 1411 862 1482; x_wconf 84' lang='lat' dir='ltr'><strong>laudabile</strong></span> <span class='ocrx_word' id='word_1_66' title='bbox 878 1428 1012 1478; x_wconf 89' lang='lat' dir='ltr'><strong>currunt</strong></span> 
     </span>
     <span class='ocr_line' id='line_1_11' title="bbox 233 1515 944 1604; baseline 0.01 -27"><span class='ocrx_word' id='word_1_67' title='bbox 233 1515 393 1604; x_wconf 86' lang='lat' dir='ltr'><strong>Virgineae</strong></span> <span class='ocrx_word' id='word_1_68' title='bbox 408 1521 547 1587; x_wconf 86' lang='lat' dir='ltr'><strong>stadium</strong></span> <span class='ocrx_word' id='word_1_69' title='bbox 558 1521 644 1604; x_wconf 78' lang='lat' dir='ltr'><strong>vitre,</strong></span> <span class='ocrx_word' id='word_1_70' title='bbox 657 1518 806 1587; x_wconf 82' lang='lat' dir='ltr'><strong>mercede</strong></span> <span class='ocrx_word' id='word_1_71' title='bbox 817 1519 944 1599; x_wconf 79' lang='lat' dir='ltr'><strong>beabit3</strong></span> 
     </span>
     <span class='ocr_line' id='line_1_12' title="bbox 104 1620 1016 1720; baseline 0.005 -35"><span class='ocrx_word' id='word_1_72' title='bbox 104 1620 108 1625; x_wconf 44' lang='lat'>⁴</span> <span class='ocrx_word' id='word_1_73' title='bbox 168 1621 211 1687; x_wconf 83' lang='lat'><strong>50</strong></span> <span class='ocrx_word' id='word_1_74' title='bbox 234 1624 318 1688; x_wconf 88' lang='lat' dir='ltr'><strong>Tum</strong></span> <span class='ocrx_word' id='word_1_75' title='bbox 334 1625 388 1714; x_wconf 90' lang='lat' dir='ltr'><strong>qui</strong></span> <span class='ocrx_word' id='word_1_76' title='bbox 396 1629 468 1714; x_wconf 86' lang='lat' dir='ltr'><strong>jura</strong></span> <span class='ocrx_word' id='word_1_77' title='bbox 481 1629 605 1713; x_wconf 85' lang='lat' dir='ltr'><strong>colunt,</strong></span> <span class='ocrx_word' id='word_1_78' title='bbox 619 1628 730 1720; x_wconf 89' lang='lat' dir='ltr'><strong>quavis</strong></span> <span class='ocrx_word' id='word_1_79' title='bbox 741 1627 783 1693; x_wconf 92' lang='lat' dir='ltr'><strong>de</strong></span> <span class='ocrx_word' id='word_1_80' title='bbox 795 1644 890 1714; x_wconf 83' lang='lat' dir='ltr'><strong>gente</strong></span> <span class='ocrx_word' id='word_1_81' title='bbox 905 1623 1016 1709; x_wconf 87' lang='lat' dir='ltr'><strong>creati,</strong></span> 
     </span>
     <span class='ocr_line' id='line_1_13' title="bbox 231 1731 999 1818; baseline 0.008 -26"><span class='ocrx_word' id='word_1_82' title='bbox 231 1731 272 1793; x_wconf 87' lang='lat' dir='ltr'><strong>Et</strong></span> <span class='ocrx_word' id='word_1_83' title='bbox 290 1747 398 1796; x_wconf 91' lang='lat' dir='ltr'><strong>sancte</strong></span> <span class='ocrx_word' id='word_1_84' title='bbox 411 1733 531 1818; x_wconf 81' lang='lat' dir='ltr'><strong>vivum,</strong></span> <span class='ocrx_word' id='word_1_85' title='bbox 546 1753 580 1800; x_wconf 96' lang='lat' dir='ltr'><strong>et</strong></span> <span class='ocrx_word' id='word_1_86' title='bbox 592 1736 697 1803; x_wconf 88' lang='lat' dir='ltr'><strong>solum</strong></span> <span class='ocrx_word' id='word_1_87' title='bbox 709 1758 828 1800; x_wconf 91' lang='lat' dir='ltr'><strong>numen</strong></span> <span class='ocrx_word' id='word_1_88' title='bbox 844 1733 999 1815; x_wconf 82' lang='lat' dir='ltr'><strong>adorant3</strong></span> 
     </span>
     <span class='ocr_line' id='line_1_14' title="bbox 232 1835 972 1932; baseline 0.007 -32"><span class='ocrx_word' id='word_1_89' title='bbox 232 1835 318 1904; x_wconf 85' lang='lat' dir='ltr'><strong>Tum</strong></span> <span class='ocrx_word' id='word_1_90' title='bbox 334 1838 389 1929; x_wconf 92' lang='lat' dir='ltr'><strong>qui</strong></span> <span class='ocrx_word' id='word_1_91' title='bbox 404 1841 545 1932; x_wconf 85' lang='lat' dir='ltr'><strong>conjugii</strong></span> <span class='ocrx_word' id='word_1_92' title='bbox 557 1842 660 1909; x_wconf 80' lang='lat' dir='ltr'><strong>fredus</strong></span> <span class='ocrx_word' id='word_1_93' title='bbox 676 1842 796 1908; x_wconf 88' lang='lat' dir='ltr'><strong>violare</strong></span> <span class='ocrx_word' id='word_1_94' title='bbox 808 1857 972 1923; x_wconf 89' lang='lat' dir='ltr'><strong>verentur,</strong></span> 
     </span>
     <span class='ocr_line' id='line_1_15' title="bbox 233 1944 1242 2042; baseline -0.001 -32"><span class='ocrx_word' id='word_1_95' title='bbox 233 1945 291 2010; x_wconf 88' lang='lat' dir='ltr'><strong>His</strong></span> <span class='ocrx_word' id='word_1_96' title='bbox 308 1970 435 2037; x_wconf 86' lang='lat' dir='ltr'><strong>qnoque</strong></span> <span class='ocrx_word' id='word_1_97' title='bbox 446 1950 577 2040; x_wconf 85' lang='lat' dir='ltr'><strong>praemia</strong></span> <span class='ocrx_word' id='word_1_98' title='bbox 591 1949 687 2041; x_wconf 84' lang='lat' dir='ltr'><strong>digna</strong></span> <span class='ocrx_word' id='word_1_99' title='bbox 704 1966 737 2015; x_wconf 91' lang='lat' dir='ltr'><strong>et</strong></span> <span class='ocrx_word' id='word_1_100' title='bbox 750 1971 841 2042; x_wconf 86' lang='lat' dir='ltr'><strong>spem</strong></span> <span class='ocrx_word' id='word_1_101' title='bbox 856 1945 948 2015; x_wconf 90' lang='lat' dir='ltr'><strong>dabit</strong></span> <span class='ocrx_word' id='word_1_102' title='bbox 962 1944 1189 2014; x_wconf 84' lang='lat' dir='ltr'><strong>immortalem.</strong></span> <span class='ocrx_word' id='word_1_103' title='bbox 1237 1998 1242 2009; x_wconf 95' lang='lat'>.</span> 
     </span>
     <span class='ocr_line' id='line_1_16' title="bbox 234 2053 1028 2143; baseline 0.006 -27"><span class='ocrx_word' id='word_1_104' title='bbox 234 2053 363 2143; x_wconf 88' lang='lat' dir='ltr'><strong>Quippe</strong></span> <span class='ocrx_word' id='word_1_105' title='bbox 377 2056 500 2122; x_wconf 90' lang='lat' dir='ltr'><strong>animas</strong></span> <span class='ocrx_word' id='word_1_106' title='bbox 514 2081 533 2123; x_wconf 89' lang='lat' dir='ltr'><strong>a</strong></span> <span class='ocrx_word' id='word_1_107' title='bbox 546 2058 642 2123; x_wconf 89' lang='lat' dir='ltr'><strong>Patre</strong></span> <span class='ocrx_word' id='word_1_108' title='bbox 655 2057 745 2122; x_wconf 88' lang='lat' dir='ltr'><strong>datas</strong></span> <span class='ocrx_word' id='word_1_109' title='bbox 759 2072 792 2121; x_wconf 92' lang='lat' dir='ltr'><strong>et</strong></span> <span class='ocrx_word' id='word_1_110' title='bbox 808 2054 929 2120; x_wconf 79' lang='lat' dir='ltr'><strong>caelitus</strong></span> <span class='ocrx_word' id='word_1_111' title='bbox 940 2070 1028 2121; x_wconf 82' lang='lat' dir='ltr'><strong>ortas</strong></span> 
     </span>
     <span class='ocr_line' id='line_1_17' title="bbox 169 2150 1091 2246; baseline 0 -21"><span class='ocrx_word' id='word_1_112' title='bbox 169 2157 211 2225; x_wconf 79' lang='lat'><strong>55</strong></span> <span class='ocrx_word' id='word_1_113' title='bbox 235 2159 310 2225; x_wconf 91' lang='lat' dir='ltr'><strong>Non</strong></span> <span class='ocrx_word' id='word_1_114' title='bbox 323 2161 406 2227; x_wconf 89' lang='lat' dir='ltr'><strong>vitiis</strong></span> <span class='ocrx_word' id='word_1_115' title='bbox 422 2162 542 2230; x_wconf 82' lang='lat' dir='ltr'><strong>foedare</strong></span> <span class='ocrx_word' id='word_1_116' title='bbox 554 2163 642 2246; x_wconf 79' lang='lat' dir='ltr'><strong>licet,</strong></span> <span class='ocrx_word' id='word_1_117' title='bbox 658 2187 724 2229; x_wconf 91' lang='lat' dir='ltr'><strong>nnn</strong></span> <span class='ocrx_word' id='word_1_118' title='bbox 738 2161 889 2229; x_wconf 89' lang='lat' dir='ltr'><strong>sordibus</strong></span> <span class='ocrx_word' id='word_1_119' title='bbox 903 2160 988 2228; x_wconf 88' lang='lat' dir='ltr'><strong>ullis.</strong></span> <span class='ocrx_word' id='word_1_120' title='bbox 1088 2150 1091 2156; x_wconf 40' lang='lat'><strong>¹</strong></span> 
     </span>
     <span class='ocr_line' id='line_1_18' title="bbox 278 2266 996 2358; baseline 0.001 -26"><span class='ocrx_word' id='word_1_121' title='bbox 278 2266 340 2355; x_wconf 89' lang='lat' dir='ltr'><strong>[Ne</strong></span> <span class='ocrx_word' id='word_1_122' title='bbox 353 2267 436 2333; x_wconf 90' lang='lat' dir='ltr'><strong>male</strong></span> <span class='ocrx_word' id='word_1_123' title='bbox 451 2268 601 2353; x_wconf 77' lang='lat' dir='ltr'><strong>ditescas,</strong></span> <span class='ocrx_word' id='word_1_124' title='bbox 616 2269 673 2336; x_wconf 91' lang='lat' dir='ltr'><strong>sed</strong></span> <span class='ocrx_word' id='word_1_125' title='bbox 685 2272 770 2357; x_wconf 84' lang='lat' dir='ltr'><strong>juste</strong></span> <span class='ocrx_word' id='word_1_126' title='bbox 784 2267 854 2334; x_wconf 90' lang='lat' dir='ltr'><strong>vive</strong></span> <span class='ocrx_word' id='word_1_127' title='bbox 864 2266 996 2358; x_wconf 86' lang='lat' dir='ltr'><strong>paratis.</strong></span> 
     </span>
     <span class='ocr_line' id='line_1_19' title="bbox 233 2372 960 2466; baseline 0.008 -30"><span class='ocrx_word' id='word_1_128' title='bbox 233 2374 410 2440; x_wconf 87' lang='lat' dir='ltr'><strong>Contentus</strong></span> <span class='ocrx_word' id='word_1_129' title='bbox 419 2375 572 2466; x_wconf 83' lang='lat' dir='ltr'><strong>propriis,</strong></span> <span class='ocrx_word' id='word_1_130' title='bbox 586 2375 688 2442; x_wconf 89' lang='lat' dir='ltr'><strong>aliena</strong></span> <span class='ocrx_word' id='word_1_131' title='bbox 703 2397 867 2466; x_wconf 85' lang='lat' dir='ltr'><strong>capessere</strong></span> <span class='ocrx_word' id='word_1_132' title='bbox 881 2372 960 2442; x_wconf 88' lang='lat' dir='ltr'><strong>noli.</strong></span> 
     </span>
     <span class='ocr_line' id='line_1_20' title="bbox 233 2479 1078 2572; baseline 0.006 -29"><span class='ocrx_word' id='word_1_133' title='bbox 233 2479 424 2547; x_wconf 87' lang='lat' dir='ltr'><strong>Mendacem</strong></span> <span class='ocrx_word' id='word_1_134' title='bbox 438 2482 512 2571; x_wconf 82' lang='lat' dir='ltr'><strong>fuge</strong></span> <span class='ocrx_word' id='word_1_135' title='bbox 526 2506 727 2561; x_wconf 80' lang='lat' dir='ltr'><strong>sermonem3</strong></span> <span class='ocrx_word' id='word_1_136' title='bbox 745 2505 822 2548; x_wconf 86' lang='lat' dir='ltr'><strong>vera</strong></span> <span class='ocrx_word' id='word_1_137' title='bbox 834 2480 942 2547; x_wconf 90' lang='lat' dir='ltr'><strong>omnia</strong></span> <span class='ocrx_word' id='word_1_138' title='bbox 957 2480 1078 2572; x_wconf 84' lang='lat' dir='ltr'><strong>profer.</strong></span> 
     </span>
     <span class='ocr_line' id='line_1_21' title="bbox 234 2586 1047 2668; baseline 0.004 -17"><span class='ocrx_word' id='word_1_139' title='bbox 234 2586 283 2652; x_wconf 93' lang='lat' dir='ltr'><strong>Ne</strong></span> <span class='ocrx_word' id='word_1_140' title='bbox 295 2587 414 2653; x_wconf 88' lang='lat' dir='ltr'><strong>frustra</strong></span> <span class='ocrx_word' id='word_1_141' title='bbox 431 2587 599 2655; x_wconf 88' lang='lat' dir='ltr'><strong>simulacra</strong></span> <span class='ocrx_word' id='word_1_142' title='bbox 613 2590 718 2668; x_wconf 85' lang='lat' dir='ltr'><strong>colas;</strong></span> <span class='ocrx_word' id='word_1_143' title='bbox 735 2590 791 2655; x_wconf 93' lang='lat' dir='ltr'><strong>sed</strong></span> <span class='ocrx_word' id='word_1_144' title='bbox 804 2588 868 2655; x_wconf 85' lang='lat' dir='ltr'><strong>fine</strong></span> <span class='ocrx_word' id='word_1_145' title='bbox 885 2605 1047 2656; x_wconf 84' lang='lat' dir='ltr'><strong>carentem</strong></span> 
     </span>
     <span class='ocr_line' id='line_1_22' title="bbox 168 2693 1126 2786; baseline 0.001 -28"><span class='ocrx_word' id='word_1_146' title='bbox 168 2694 211 2758; x_wconf 91' lang='lat'><strong>60</strong></span> <span class='ocrx_word' id='word_1_147' title='bbox 235 2694 397 2785; x_wconf 87' lang='lat' dir='ltr'><strong>Principio</strong></span> <span class='ocrx_word' id='word_1_148' title='bbox 409 2720 562 2762; x_wconf 89' lang='lat' dir='ltr'><strong>venerare</strong></span> <span class='ocrx_word' id='word_1_149' title='bbox 573 2698 691 2779; x_wconf 87' lang='lat' dir='ltr'><strong>Deum,</strong></span> <span class='ocrx_word' id='word_1_150' title='bbox 709 2696 779 2762; x_wconf 90' lang='lat' dir='ltr'><strong>cole</strong></span> <span class='ocrx_word' id='word_1_151' title='bbox 794 2693 911 2761; x_wconf 92' lang='lat' dir='ltr'><strong>deinde</strong></span> <span class='ocrx_word' id='word_1_152' title='bbox 922 2711 1086 2786; x_wconf 88' lang='lat' dir='ltr'><strong>parentes.</strong></span> <span class='ocrx_word' id='word_1_153' title='bbox 1123 2751 1126 2757; x_wconf 94' lang='lat'><strong>.</strong></span> 
     </span>
     <span class='ocr_line' id='line_1_23' title="bbox 234 2801 1022 2892; baseline 0.003 -27"><span class='ocrx_word' id='word_1_154' title='bbox 234 2801 288 2866; x_wconf 89' lang='lat' dir='ltr'><strong>Jus</strong></span> <span class='ocrx_word' id='word_1_155' title='bbox 302 2826 399 2868; x_wconf 88' lang='lat' dir='ltr'><strong>omne</strong></span> <span class='ocrx_word' id='word_1_156' title='bbox 415 2805 564 2886; x_wconf 85' lang='lat' dir='ltr'><strong>observa,</strong></span> <span class='ocrx_word' id='word_1_157' title='bbox 576 2802 667 2869; x_wconf 90' lang='lat' dir='ltr'><strong>litem</strong></span> <span class='ocrx_word' id='word_1_158' title='bbox 681 2827 742 2869; x_wconf 91' lang='lat' dir='ltr'><strong>nec</strong></span> <span class='ocrx_word' id='word_1_159' title='bbox 756 2802 848 2868; x_wconf 84' lang='lat' dir='ltr'><strong>defer</strong></span> <span class='ocrx_word' id='word_1_160' title='bbox 865 2801 1022 2892; x_wconf 89' lang='lat' dir='ltr'><strong>iniquam.</strong></span> 
     </span>
    </p>

    <p class='ocr_par' dir='ltr' id='par_1_3' title="bbox 147 2907 1075 3213">
     <span class='ocr_line' id='line_1_24' title="bbox 147 2907 1066 3002; baseline 0.002 -30"><span class='ocrx_word' id='word_1_161' title='bbox 147 2942 151 2952; x_wconf 83' lang='lat'><strong>·</strong></span> <span class='ocrx_word' id='word_1_162' title='bbox 231 2907 280 2973; x_wconf 91' lang='lat' dir='ltr'><strong>Ne</strong></span> <span class='ocrx_word' id='word_1_163' title='bbox 292 2932 423 2999; x_wconf 88' lang='lat' dir='ltr'><strong>spernas</strong></span> <span class='ocrx_word' id='word_1_164' title='bbox 433 2910 562 3002; x_wconf 91' lang='lat' dir='ltr'><strong>inopem</strong></span> <span class='ocrx_word' id='word_1_165' title='bbox 570 2931 579 2993; x_wconf 82' lang='lat'>3</span> <span class='ocrx_word' id='word_1_166' title='bbox 588 2934 634 2975; x_wconf 89' lang='lat' dir='ltr'><strong>ne</strong></span> <span class='ocrx_word' id='word_1_167' title='bbox 646 2934 818 3000; x_wconf 87' lang='lat' dir='ltr'><strong>personam</strong></span> <span class='ocrx_word' id='word_1_168' title='bbox 828 2910 937 2999; x_wconf 83' lang='lat' dir='ltr'><strong>accipe</strong></span> <span class='ocrx_word' id='word_1_169' title='bbox 943 2909 1043 2996; x_wconf 87' lang='lat' dir='ltr'><strong>judex</strong></span> <span class='ocrx_word' id='word_1_170' title='bbox 1058 2936 1066 2974; x_wconf 74' lang='grc' dir='ltr'><strong>ι</strong></span> 
     </span>
     <span class='ocr_line' id='line_1_25' title="bbox 233 3015 1066 3107; baseline 0.001 -26"><span class='ocrx_word' id='word_1_171' title='bbox 233 3015 330 3098; x_wconf 90' lang='lat' dir='ltr'><strong>Quod</strong></span> <span class='ocrx_word' id='word_1_172' title='bbox 337 3016 398 3082; x_wconf 89' lang='lat' dir='ltr'><strong>nisi</strong></span> <span class='ocrx_word' id='word_1_173' title='bbox 407 3019 460 3104; x_wconf 92' lang='lat' dir='ltr'><strong>jus</strong></span> <span class='ocrx_word' id='word_1_174' title='bbox 471 3017 600 3099; x_wconf 88' lang='lat' dir='ltr'><strong>reddas,</strong></span> <span class='ocrx_word' id='word_1_175' title='bbox 612 3016 727 3084; x_wconf 86' lang='lat' dir='ltr'><strong>reddet</strong></span> <span class='ocrx_word' id='word_1_176' title='bbox 739 3020 826 3083; x_wconf 86' lang='lat' dir='ltr'><strong>Deus</strong></span> <span class='ocrx_word' id='word_1_177' title='bbox 835 3016 903 3107; x_wconf 92' lang='lat' dir='ltr'><strong>ipse</strong></span> <span class='ocrx_word' id='word_1_178' title='bbox 916 3015 1066 3082; x_wconf 88' lang='lat' dir='ltr'><strong>vicissim.</strong></span> 
     </span>
     <span class='ocr_line' id='line_1_26' title="bbox 232 3108 1075 3213; baseline 0.005 -26"><span class='ocrx_word' id='word_1_179' title='bbox 232 3122 350 3207; x_wconf 83' lang='lat' dir='ltr'><strong>Testis,</strong></span> <span class='ocrx_word' id='word_1_180' title='bbox 361 3108 438 3188; x_wconf 67' lang='lat' dir='ltr'><strong>aera</strong></span> <span class='ocrx_word' id='word_1_181' title='bbox 452 3122 540 3213; x_wconf 85' lang='lat' dir='ltr'><strong>loqui</strong></span> <span class='ocrx_word' id='word_1_182' title='bbox 546 3168 557 3206; x_wconf 84' lang='lat'><strong>‚·</strong></span> <span class='ocrx_word' id='word_1_183' title='bbox 572 3147 638 3190; x_wconf 93' lang='lat' dir='ltr'><strong>non</strong></span> <span class='ocrx_word' id='word_1_184' title='bbox 654 3122 775 3213; x_wconf 80' lang='lat' dir='ltr'><strong>fingere</strong></span> <span class='ocrx_word' id='word_1_185' title='bbox 789 3124 882 3205; x_wconf 83' lang='lat' dir='ltr'><strong>falsa,</strong></span> <span class='ocrx_word' id='word_1_186' title='bbox 899 3139 1075 3191; x_wconf 87' lang='lat' dir='ltr'><strong>memento.</strong></span> 
     </span>
    </p>

    <p class='ocr_par' dir='ltr' id='par_1_4' title="bbox 144 3228 1137 3856">
     <span class='ocr_line' id='line_1_27' title="bbox 166 3228 1011 3321; baseline -0.001 -27"><span class='ocrx_word' id='word_1_187' title='bbox 166 3229 207 3296; x_wconf 86' lang='lat'><strong>65</strong></span> <span class='ocrx_word' id='word_1_188' title='bbox 231 3228 415 3318; x_wconf 86' lang='lat' dir='ltr'><strong>Virgineam</strong></span> <span class='ocrx_word' id='word_1_189' title='bbox 429 3253 542 3295; x_wconf 83' lang='lat' dir='ltr'><strong>exerce</strong></span> <span class='ocrx_word' id='word_1_190' title='bbox 557 3228 697 3296; x_wconf 85' lang='lat' dir='ltr'><strong>vitamet</strong></span> <span class='ocrx_word' id='word_1_191' title='bbox 711 3229 838 3321; x_wconf 84' lang='lat' dir='ltr'><strong>pietatis</strong></span> <span class='ocrx_word' id='word_1_192' title='bbox 854 3252 1011 3296; x_wconf 89' lang='lat' dir='ltr'><strong>amorem.</strong></span> 
     </span>
     <span class='ocr_line' id='line_1_28' title="bbox 232 3336 1103 3426; baseline 0.002 -25"><span class='ocrx_word' id='word_1_193' title='bbox 232 3336 356 3426; x_wconf 88' lang='lat' dir='ltr'><strong>Cuique</strong></span> <span class='ocrx_word' id='word_1_194' title='bbox 371 3359 465 3402; x_wconf 87' lang='lat' dir='ltr'><strong>suum</strong></span> <span class='ocrx_word' id='word_1_195' title='bbox 478 3336 594 3402; x_wconf 88' lang='lat' dir='ltr'><strong>metire</strong></span> <span class='ocrx_word' id='word_1_196' title='bbox 608 3365 616 3403; x_wconf 73' lang='grc' dir='ltr'><strong>ε</strong></span> <span class='ocrx_word' id='word_1_197' title='bbox 631 3336 688 3425; x_wconf 82' lang='lat' dir='ltr'><strong>sed</strong></span> <span class='ocrx_word' id='word_1_198' title='bbox 702 3353 735 3403; x_wconf 89' lang='lat' dir='ltr'><strong>et</strong></span> <span class='ocrx_word' id='word_1_199' title='bbox 747 3337 820 3426; x_wconf 90' lang='lat' dir='ltr'><strong>plus</strong></span> <span class='ocrx_word' id='word_1_200' title='bbox 833 3336 952 3402; x_wconf 89' lang='lat' dir='ltr'><strong>addere</strong></span> <span class='ocrx_word' id='word_1_201' title='bbox 963 3351 1103 3425; x_wconf 83' lang='lat' dir='ltr'><strong>praestat.</strong></span> 
     </span>
     <span class='ocr_line' id='line_1_29' title="bbox 234 3440 1137 3532; baseline -0.001 -24"><span class='ocrx_word' id='word_1_202' title='bbox 234 3445 283 3508; x_wconf 92' lang='lat' dir='ltr'><strong>Ne</strong></span> <span class='ocrx_word' id='word_1_203' title='bbox 300 3443 419 3508; x_wconf 89' lang='lat' dir='ltr'><strong>trutina</strong></span> <span class='ocrx_word' id='word_1_204' title='bbox 436 3440 564 3526; x_wconf 82' lang='lat' dir='ltr'><strong>inflexa,</strong></span> <span class='ocrx_word' id='word_1_205' title='bbox 579 3443 636 3509; x_wconf 93' lang='lat' dir='ltr'><strong>sed</strong></span> <span class='ocrx_word' id='word_1_206' title='bbox 654 3458 745 3510; x_wconf 88' lang='lat' dir='ltr'><strong>recto</strong></span> <span class='ocrx_word' id='word_1_207' title='bbox 758 3441 905 3508; x_wconf 81' lang='lat' dir='ltr'><strong>examine</strong></span> <span class='ocrx_word' id='word_1_208' title='bbox 919 3442 1054 3532; x_wconf 88' lang='lat' dir='ltr'><strong>pendas.</strong></span> <span class='ocrx_word' id='word_1_209' title='bbox 1135 3496 1137 3500; x_wconf 90' lang='lat'><em>.</em></span> 
     </span>
     <span class='ocr_line' id='line_1_30' title="bbox 233 3548 975 3639; baseline 0 -24"><span class='ocrx_word' id='word_1_210' title='bbox 233 3551 282 3615; x_wconf 88' lang='lat' dir='ltr'><strong>Ne</strong></span> <span class='ocrx_word' id='word_1_211' title='bbox 291 3549 515 3639; x_wconf 86' lang='lat' dir='ltr'><strong>jusjurandum</strong></span> <span class='ocrx_word' id='word_1_212' title='bbox 531 3549 631 3615; x_wconf 82' lang='lat' dir='ltr'><strong>violes</strong></span> <span class='ocrx_word' id='word_1_213' title='bbox 642 3548 792 3616; x_wconf 82' lang='lat' dir='ltr'><strong>nolensve</strong></span> <span class='ocrx_word' id='word_1_214' title='bbox 805 3549 953 3615; x_wconf 85' lang='lat' dir='ltr'><strong>volensve</strong></span> <span class='ocrx_word' id='word_1_215' title='bbox 967 3577 975 3615; x_wconf 78' lang='grc' dir='ltr'><strong>ι</strong></span> 
     </span>
     <span class='ocr_line' id='line_1_31' title="bbox 232 3655 1043 3748; baseline -0.002 -25"><span class='ocrx_word' id='word_1_216' title='bbox 232 3657 356 3744; x_wconf 85' lang='lat' dir='ltr'><strong>Perjuri</strong></span> <span class='ocrx_word' id='word_1_217' title='bbox 372 3657 461 3723; x_wconf 89' lang='lat' dir='ltr'><strong>Dens</strong></span> <span class='ocrx_word' id='word_1_218' title='bbox 474 3673 535 3741; x_wconf 84' lang='lat' dir='ltr'><strong>est,</strong></span> <span class='ocrx_word' id='word_1_219' title='bbox 549 3680 608 3748; x_wconf 86' lang='lat' dir='ltr'><strong>per</strong></span> <span class='ocrx_word' id='word_1_220' title='bbox 625 3655 781 3747; x_wconf 86' lang='lat' dir='ltr'><strong>quidquid</strong></span> <span class='ocrx_word' id='word_1_221' title='bbox 798 3657 932 3747; x_wconf 85' lang='lat' dir='ltr'><strong>pejerat,</strong></span> <span class='ocrx_word' id='word_1_222' title='bbox 946 3656 1043 3722; x_wconf 89' lang='lat' dir='ltr'><strong>ultor.</strong></span> 
     </span>
     <span class='ocr_line' id='line_1_32' title="bbox 144 3762 1086 3856; baseline -0.001 -27"><span class='ocrx_word' id='word_1_223' title='bbox 144 3849 147 3856; x_wconf 25' lang='lat'><strong>·</strong></span> <span class='ocrx_word' id='word_1_224' title='bbox 167 3788 209 3856; x_wconf 88' lang='lat'><strong>70</strong></span> <span class='ocrx_word' id='word_1_225' title='bbox 233 3766 353 3852; x_wconf 88' lang='lat' dir='ltr'><strong>lnjusta</strong></span> <span class='ocrx_word' id='word_1_226' title='bbox 369 3789 387 3830; x_wconf 92' lang='lat' dir='ltr'><strong>e</strong></span> <span class='ocrx_word' id='word_1_227' title='bbox 406 3788 499 3831; x_wconf 88' lang='lat' dir='ltr'><strong>causa</strong></span> <span class='ocrx_word' id='word_1_228' title='bbox 517 3765 653 3847; x_wconf 87' lang='lat' dir='ltr'><strong>nullum,</strong></span> <span class='ocrx_word' id='word_1_229' title='bbox 670 3786 809 3847; x_wconf 82' lang='lat' dir='ltr'><strong>memor,</strong></span> <span class='ocrx_word' id='word_1_230' title='bbox 825 3762 935 3854; x_wconf 91' lang='lat' dir='ltr'><strong>accipe</strong></span> <span class='ocrx_word' id='word_1_231' title='bbox 953 3763 1086 3830; x_wconf 87' lang='lat' dir='ltr'><strong>donum.</strong></span> 
     </span>
    </p>
   </div>
   <div class='ocr_carea' id='block_1_3' title="bbox 143 3944 1281 4393">
    <p class='ocr_par' dir='ltr' id='par_1_5' title="bbox 143 3944 1281 4393">
     <span class='ocr_line' id='line_1_33' title="bbox 144 3944 1273 4016; baseline -0.001 -16"><span class='ocrx_word' id='word_1_232' title='bbox 144 3946 546 4015; x_wconf 78' lang='lat' dir='ltr'><strong>mm,apudPhocylidemtartina</strong></span> <span class='ocrx_word' id='word_1_233' title='bbox 559 3958 605 4007; x_wconf 82' lang='lat' dir='ltr'><strong>est.</strong></span> <span class='ocrx_word' id='word_1_234' title='bbox 618 3947 690 3999; x_wconf 86' lang='lat' dir='ltr'><strong>omis·</strong></span> <span class='ocrx_word' id='word_1_235' title='bbox 720 3948 793 3999; x_wconf 87' lang='lat' dir='ltr'><strong>codd.</strong></span> <span class='ocrx_word' id='word_1_236' title='bbox 816 3964 844 3999; x_wconf 79' lang='grc' dir='ltr'><strong>τι</strong></span> <span class='ocrx_word' id='word_1_237' title='bbox 865 3961 915 3997; x_wconf 91' lang='lat' dir='ltr'><strong>non</strong></span> <span class='ocrx_word' id='word_1_238' title='bbox 938 3944 1032 3996; x_wconf 78' lang='lat' dir='ltr'><strong>habent</strong></span> <span class='ocrx_word' id='word_1_239' title='bbox 1047 3962 1054 3996; x_wconf 77' lang='grc' dir='ltr'><strong>ε</strong></span> <span class='ocrx_word' id='word_1_240' title='bbox 1069 3944 1164 3996; x_wconf 85' lang='lat' dir='ltr'><strong>addidit</strong></span> <span class='ocrx_word' id='word_1_241' title='bbox 1184 3945 1273 4016; x_wconf 72' lang='lat' dir='ltr'><strong>Opas</strong></span> 
     </span>
     <span class='ocr_line' id='line_1_34' title="bbox 143 4022 1281 4091; baseline -0.001 -16"><span class='ocrx_word' id='word_1_242' title='bbox 143 4022 337 4091; x_wconf 74' lang='lat' dir='ltr'><strong>snasibyllian</strong></span> <span class='ocrx_word' id='word_1_243' title='bbox 350 4023 589 4090; x_wconf 81' lang='lat' dir='ltr'><strong>dnobuaprioribna‚</strong></span> <span class='ocrx_word' id='word_1_244' title='bbox 602 4041 634 4075; x_wconf 87' lang='lat' dir='ltr'><strong>an</strong></span> <span class='ocrx_word' id='word_1_245' title='bbox 648 4041 690 4074; x_wconf 86' lang='lat' dir='ltr'><strong>ve·</strong></span> <span class='ocrx_word' id='word_1_246' title='bbox 721 4023 864 4090; x_wconf 81' lang='lat' dir='ltr'><strong>Phneylide.</strong></span> <span class='ocrx_word' id='word_1_247' title='bbox 1275 4061 1281 4080; x_wconf 85' lang='lat'><strong>.</strong></span> 
     </span>
     <span class='ocr_line' id='line_1_35' title="bbox 143 4097 1271 4166; baseline -0.001 -13"><span class='ocrx_word' id='word_1_248' title='bbox 143 4100 266 4153; x_wconf 65' lang='lat' dir='ltr'><strong>mundis</strong></span> <span class='ocrx_word' id='word_1_249' title='bbox 276 4105 366 4152; x_wconf 77' lang='lat' dir='ltr'><strong>musa?</strong></span> <span class='ocrx_word' id='word_1_250' title='bbox 382 4098 542 4166; x_wconf 86' lang='lat' dir='ltr'><strong>Sequentium</strong></span> <span class='ocrx_word' id='word_1_251' title='bbox 553 4099 571 4150; x_wconf 80' lang='lat' dir='ltr'><strong>ii</strong></span> <span class='ocrx_word' id='word_1_252' title='bbox 584 4100 616 4149; x_wconf 85' lang='lat' dir='ltr'><strong>ad</strong></span> <span class='ocrx_word' id='word_1_253' title='bbox 629 4115 690 4166; x_wconf 84' lang='lat' dir='ltr'><strong>quos</strong></span> <span class='ocrx_word' id='word_1_254' title='bbox 755 4103 796 4150; x_wconf 81' lang='grc'><strong>62.</strong></span> <span class='ocrx_word' id='word_1_255' title='bbox 817 4098 845 4148; x_wconf 92' lang='lat' dir='ltr'><strong>ln</strong></span> <span class='ocrx_word' id='word_1_256' title='bbox 853 4098 903 4149; x_wconf 81' lang='lat' dir='ltr'><strong>fine</strong></span> <span class='ocrx_word' id='word_1_257' title='bbox 914 4114 946 4149; x_wconf 81' lang='lat' dir='ltr'><strong>nn</strong></span> <span class='ocrx_word' id='word_1_258' title='bbox 955 4097 1043 4149; x_wconf 83' lang='lat' dir='ltr'><strong>melina</strong></span> <span class='ocrx_word' id='word_1_259' title='bbox 1050 4097 1205 4164; x_wconf 69' lang='lat' dir='ltr'><strong>aphonites?</strong></span> <span class='ocrx_word' id='word_1_260' title='bbox 1216 4100 1271 4152; x_wconf 87' lang='lat' dir='ltr'><strong>Uti·</strong></span> 
     </span>
     <span class='ocr_line' id='line_1_36' title="bbox 143 4171 1269 4242; baseline 0.002 -16"><span class='ocrx_word' id='word_1_261' title='bbox 143 4175 209 4226; x_wconf 86' lang='lat' dir='ltr'><strong>nihil</strong></span> <span class='ocrx_word' id='word_1_262' title='bbox 223 4173 391 4234; x_wconf 77' lang='lat' dir='ltr'><strong>mactabitur,</strong></span> <span class='ocrx_word' id='word_1_263' title='bbox 417 4175 530 4227; x_wconf 87' lang='lat' dir='ltr'><strong>censendi</strong></span> <span class='ocrx_word' id='word_1_264' title='bbox 544 4176 602 4242; x_wconf 84' lang='lat' dir='ltr'><strong>ipsis</strong></span> <span class='ocrx_word' id='word_1_265' title='bbox 614 4175 691 4225; x_wconf 86' lang='lat' dir='ltr'><strong>literis</strong></span> <span class='ocrx_word' id='word_1_266' title='bbox 722 4191 770 4242; x_wconf 85' lang='lat' dir='ltr'><strong>que</strong></span> <span class='ocrx_word' id='word_1_267' title='bbox 778 4174 940 4225; x_wconf 80' lang='lat' dir='ltr'><strong>christianum</strong></span> <span class='ocrx_word' id='word_1_268' title='bbox 946 4173 1044 4240; x_wconf 83' lang='lat' dir='ltr'><strong>sapitex</strong></span> <span class='ocrx_word' id='word_1_269' title='bbox 1051 4171 1111 4224; x_wconf 89' lang='lat' dir='ltr'><strong>Luc.</strong></span> <span class='ocrx_word' id='word_1_270' title='bbox 1118 4190 1141 4223; x_wconf 90' lang='lat' dir='ltr'><strong>c.</strong></span> <span class='ocrx_word' id='word_1_271' title='bbox 1148 4178 1269 4235; x_wconf 79' lang='lat' dir='ltr'><strong>to,r.2t.</strong></span> 
     </span>
     <span class='ocr_line' id='line_1_37' title="bbox 143 4248 1273 4318; baseline 0.003 -17"><span class='ocrx_word' id='word_1_272' title='bbox 143 4249 299 4318; x_wconf 77' lang='lat' dir='ltr'><strong>cPhocylide</strong></span> <span class='ocrx_word' id='word_1_273' title='bbox 309 4251 458 4317; x_wconf 83' lang='lat' dir='ltr'><strong>transcripti.</strong></span> <span class='ocrx_word' id='word_1_274' title='bbox 473 4250 521 4312; x_wconf 82' lang='lat' dir='ltr'><strong>Qui</strong></span> <span class='ocrx_word' id='word_1_275' title='bbox 534 4267 583 4300; x_wconf 90' lang='lat' dir='ltr'><strong>nou</strong></span> <span class='ocrx_word' id='word_1_276' title='bbox 596 4250 691 4317; x_wconf 86' lang='lat' dir='ltr'><strong>Phncy·</strong></span> <span class='ocrx_word' id='word_1_277' title='bbox 757 4255 798 4301; x_wconf 79' lang='lat'><strong>6³.</strong></span> <span class='ocrx_word' id='word_1_278' title='bbox 818 4248 918 4300; x_wconf 83' lang='lat' dir='ltr'><strong>Redibit</strong></span> <span class='ocrx_word' id='word_1_279' title='bbox 937 4248 980 4299; x_wconf 77' lang='lat' dir='ltr'><strong>ani</strong></span> <span class='ocrx_word' id='word_1_280' title='bbox 1001 4249 1053 4306; x_wconf 79' lang='grc' dir='ltr'><strong>τοῖς</strong></span> <span class='ocrx_word' id='word_1_281' title='bbox 1072 4248 1099 4298; x_wconf 90' lang='lat' dir='ltr'><strong>in</strong></span> <span class='ocrx_word' id='word_1_282' title='bbox 1120 4248 1171 4301; x_wconf 81' lang='lat' dir='ltr'><strong>linc</strong></span> <span class='ocrx_word' id='word_1_283' title='bbox 1189 4266 1273 4303; x_wconf 81' lang='lat' dir='ltr'><strong>venus</strong></span> 
     </span>
     <span class='ocr_line' id='line_1_38' title="bbox 144 4323 1039 4393; baseline -0.003 -16"><span class='ocrx_word' id='word_1_284' title='bbox 144 4326 333 4393; x_wconf 73' lang='lat' dir='ltr'><strong>licetpterique</strong></span> <span class='ocrx_word' id='word_1_285' title='bbox 347 4325 689 4392; x_wconf 76' lang='lat' dir='ltr'><strong>christianiveljudaicimnt.</strong></span> <span class='ocrx_word' id='word_1_286' title='bbox 722 4327 797 4378; x_wconf 86' lang='lat' dir='ltr'><strong>etiam</strong></span> <span class='ocrx_word' id='word_1_287' title='bbox 808 4325 882 4392; x_wconf 79' lang='lat' dir='ltr'><strong>paulo</strong></span> <span class='ocrx_word' id='word_1_288' title='bbox 893 4323 967 4383; x_wconf 75' lang='lat' dir='ltr'><strong>infre,</strong></span> <span class='ocrx_word' id='word_1_289' title='bbox 983 4326 1039 4376; x_wconf 74' lang='lat'>112.</span> 
     </span>
    </p>
   </div>
   <div class='ocr_carea' id='block_1_4' title="bbox 145 4399 1270 4539">
    <p class='ocr_par' dir='ltr' id='par_1_6' title="bbox 145 4399 1270 4539">
     <span class='ocr_line' id='line_1_39' title="bbox 179 4399 1268 4470; baseline 0.001 -16"><span class='ocrx_word' id='word_1_290' title='bbox 179 4405 220 4454; x_wconf 79' lang='lat' dir='ltr'><strong>tv.</strong></span> <span class='ocrx_word' id='word_1_291' title='bbox 239 4401 445 4470; x_wconf 74' lang='lat' dir='ltr'><strong>Deestl’hocylidi</strong></span> <span class='ocrx_word' id='word_1_292' title='bbox 456 4401 498 4454; x_wconf 86' lang='lat' dir='ltr'><strong>hic</strong></span> <span class='ocrx_word' id='word_1_293' title='bbox 508 4417 599 4463; x_wconf 74' lang='lat' dir='ltr'><strong>venua,</strong></span> <span class='ocrx_word' id='word_1_294' title='bbox 611 4401 693 4469; x_wconf 82' lang='lat' dir='ltr'><strong>jndai-</strong></span> <span class='ocrx_word' id='word_1_295' title='bbox 757 4405 803 4455; x_wconf 75' lang='lat' dir='ltr'><strong>dit</strong></span> <span class='ocrx_word' id='word_1_296' title='bbox 816 4401 881 4452; x_wconf 81' lang='lat' dir='ltr'><strong>Olim</strong></span> <span class='ocrx_word' id='word_1_297' title='bbox 893 4415 938 4451; x_wconf 76' lang='lat' dir='ltr'><strong>noa</strong></span> <span class='ocrx_word' id='word_1_298' title='bbox 949 4400 975 4450; x_wconf 80' lang='lat' dir='ltr'><strong>iv</strong></span> <span class='ocrx_word' id='word_1_299' title='bbox 988 4399 1072 4459; x_wconf 72' lang='lat' dir='ltr'><strong>ravel,</strong></span> <span class='ocrx_word' id='word_1_300' title='bbox 1093 4399 1145 4450; x_wconf 85' lang='lat' dir='ltr'><strong>tiae</strong></span> <span class='ocrx_word' id='word_1_301' title='bbox 1159 4412 1268 4455; x_wconf 79' lang='lat' dir='ltr'><strong>auctore.</strong></span> 
     </span>
     <span class='ocr_line' id='line_1_40' title="bbox 145 4472 1270 4539; baseline 0.001 -9"><span class='ocrx_word' id='word_1_302' title='bbox 145 4494 188 4530; x_wconf 80' lang='lat' dir='ltr'><strong>ens</strong></span> <span class='ocrx_word' id='word_1_303' title='bbox 199 4475 361 4530; x_wconf 67' lang='lat' dir='ltr'><strong>hauddubie</strong></span> <span class='ocrx_word' id='word_1_304' title='bbox 759 4481 800 4530; x_wconf 73' lang='lat'><strong>7⁰.</strong></span> <span class='ocrx_word' id='word_1_305' title='bbox 816 4473 1116 4539; x_wconf 74' lang='lat' dir='ltr'><strong>Abestlricel’hccylide.</strong></span> <span class='ocrx_word' id='word_1_306' title='bbox 1129 4472 1270 4530; x_wconf 66' lang='lat' dir='ltr'><strong>Clalixcd.</strong></span> 
     </span>
    </p>
   </div>
   <div class='ocr_carea' id='block_1_5' title="bbox 179 4549 1231 4621">
    <p class='ocr_par' dir='ltr' id='par_1_7' title="bbox 179 4549 1231 4621">
     <span class='ocr_line' id='line_1_41' title="bbox 179 4549 1231 4621; baseline -0.004 -12"><span class='ocrx_word' id='word_1_307' title='bbox 179 4557 290 4609; x_wconf 72' lang='lat' dir='ltr'><strong>w-flil.</strong></span> <span class='ocrx_word' id='word_1_308' title='bbox 305 4551 407 4620; x_wconf 80' lang='lat' dir='ltr'><strong>Phocyl.</strong></span> <span class='ocrx_word' id='word_1_309' title='bbox 418 4555 445 4614; x_wconf 82' lang='lat' dir='ltr'><strong>t,</strong></span> <span class='ocrx_word' id='word_1_310' title='bbox 460 4568 512 4621; x_wconf 81' lang='lat' dir='ltr'><strong>sqq.</strong></span> <span class='ocrx_word' id='word_1_311' title='bbox 524 4553 553 4605; x_wconf 92' lang='lat' dir='ltr'><strong>ln</strong></span> <span class='ocrx_word' id='word_1_312' title='bbox 562 4551 609 4606; x_wconf 86' lang='lat' dir='ltr'><strong>hoc</strong></span> <span class='ocrx_word' id='word_1_313' title='bbox 622 4568 693 4604; x_wconf 74' lang='lat' dir='ltr'><strong>seraa</strong></span> <span class='ocrx_word' id='word_1_314' title='bbox 724 4568 778 4621; x_wconf 84' lang='lat' dir='ltr'><strong>cap.</strong></span> <span class='ocrx_word' id='word_1_315' title='bbox 792 4555 834 4611; x_wconf 78' lang='grc'><strong>23,</strong></span> <span class='ocrx_word' id='word_1_316' title='bbox 849 4570 874 4604; x_wconf 85' lang='lat' dir='ltr'><strong>v.</strong></span> <span class='ocrx_word' id='word_1_317' title='bbox 887 4557 916 4616; x_wconf 77' lang='lat'><strong>83</strong></span> <span class='ocrx_word' id='word_1_318' title='bbox 929 4549 1047 4604; x_wconf 82' lang='lat' dir='ltr'><strong>Proverb.</strong></span> <span class='ocrx_word' id='word_1_319' title='bbox 1062 4564 1117 4618; x_wconf 80' lang='lat' dir='ltr'><strong>cap.</strong></span> <span class='ocrx_word' id='word_1_320' title='bbox 1130 4552 1172 4620; x_wconf 80' lang='lat' dir='ltr'><strong>ll,</strong></span> <span class='ocrx_word' id='word_1_321' title='bbox 1182 4560 1231 4605; x_wconf 77' lang='lat' dir='ltr'><strong>ete.</strong></span> 
     </span>
    </p>
   </div>
   <div class='ocr_carea' id='block_1_6' title="bbox 0 0 1598 5310">
    <p class='ocr_par' dir='ltr' id='par_1_8' title="bbox 0 0 1598 5310">
     <span class='ocr_line' id='line_1_42' title="bbox 0 0 1598 5310; baseline 0 0"><span class='ocrx_word' id='word_1_322' title='bbox 0 0 1598 5310; x_wconf 95' lang='lat' dir='ltr'><strong> </strong></span> 
     </span>
    </p>
   </div>
  </div>
 </body>
</html>
