3186 5310
230 395 288 456 0290
544 393 806 457 ΣΙΒΥΛΛΙΑΚΩΝ
827 397 954 460 ΛΟΓΟΣ
974 397 1023 460 ΙΒ.

235 540 294 606 135
336 522 470 607 λίσσεται
493 529 667 632 Ᾱσσυρίοις,
691 547 792 634 ὥσπερ
808 539 1007 636 παρεκλύζετ’
1025 529 1166 636 ὒρόντης

337 647 496 737 Κτίσμοισι
516 648 567 715 καὶ
585 647 723 741 κόσμοις,
744 650 790 718 κεί
807 656 867 718 πού
890 679 920 719 τι
939 644 1038 743 μεῖζον
1054 654 1187 741 ύράται·

336 753 399 818 Καὶ
419 756 549 833 τούτους
570 757 711 839 βασιλεὺς
730 751 844 847 στέρξει
859 761 965 853 μέγας,
987 749 1039 833 ἥθ’
1058 757 1216 850 ἀγαπήσει

335 842 440 951 θξοχα
455 871 516 927 τῶν
537 859 638 930 ἀλλων
660 849 808 957 [πολλούς
827 851 937 958 τινας],
958 855 1044 932 Ᾰλλθι
1063 865 1116 955 μὲν
1136 864 1234 941 αὐτὸς

337 961 462 1044 Δέξεται
481 970 609 1037 ὠτειλὴν
627 970 762 1064 μεγαλην
779 973 808 1036 έν
825 973 932 1047 στήθεϊ
950 975 1052 1065 μέσσῳ

234 1083 295 1157 ιήο
337 1072 390 1151 Εἰς
413 1074 556 1154 τὸτέλος
578 1077 697 1159 βιότου,
718 1068 826 1156 θολίως
845 1079 968 1168 ληρθεὶς
986 1079 1037 1168 ὑφ’
1053 1075 1176 1169 ἑταίρου

337 1178 419 1247 Είσω
438 1182 480 1248 ἑνὶ
493 1174 589 1273 ζαθέῳ
606 1185 730 1277 μεγαλῳ
747 1176 928 1270 βασιληΐδος
945 1184 1030 1272 οἴκῳ,

338 1290 542 1357 Καππίσεται
555 1288 690 1383 τρωθείς.
750 1291 842 1358 Μετὰ
863 1284 892 1358 θ’
910 1293 998 1359 αὐτὸν
1017 1290 1152 1384 κοίρανος
1171 1291 1280 1356 ἔσται,

340 1398 530 1489 Πεμτήκοντῗ
545 1397 679 1489 ἀριθμῶν
694 1400 820 1490 γεραρὸς
837 1400 966 1492 βροτός·
988 1393 1020 1476 ὃς
1040 1398 1108 1490 περὶ
1121 1396 1231 1464 ποίντα

340 1503 480 1579 Πολλοὺς
499 1488 754 1595 ἐξολέσειΡώμης
774 1505 887 1583 ἀστούς
900 1532 935 1572 τε
953 1504 1097 1585 πολίτας,

239 1609 299 1690 ιήό
342 1595 418 1673 Ᾰλλ’
434 1615 645 1704 ὀλιγαρχήσει·
668 1603 722 1678 θιά
740 1612 797 1706 γὰρ
818 1614 965 1705 πρότερον
987 1613 1121 1694 βασιλῆα

342 1717 476 1787 Βήσεται
495 1717 534 1783 εἰν
550 1704 652 1783 Ᾱΐθαο
673 1709 778 1811 θόμοις
796 1721 919 1811 τρωθεὶς
938 1716 1131 1809 μετόπισθεν.

396 1823 500 1891 Αὐτίκ’
519 1827 611 1893 ἔπειτ’
626 1821 719 1902 ἀλλος
739 1828 879 1910 βασιλεὺς
898 1826 985 1893 ἔσται
1008 1823 1174 1916 αἰχμητὴς,

341 1909 423 1996 ὀστε
440 1932 619 2025 τριηκοσίων
640 1933 773 2025 ἀριθμῶν
790 1932 885 2025 λοίχεν
899 1933 1027 1999 ἕντοπον
1045 1934 1154 2024 ἀρχήν.

341 2017 446 2128 Ᾰρξει,
463 2042 515 2106 καὶ
528 2044 657 2130 Θρᾳκῶν
674 2039 761 2134 γαίην
779 2039 994 2106 πολυποίκιλον
1014 2037 1106 2106 οὖσαν

242 2142 303 2207 150
345 2130 506 2237 Εκπέρσει,
525 2146 577 2212 καὶ
596 2146 666 2224 τοὺς
688 2146 737 2213 ἐπὶ
754 2147 870 2237 ἔσχατα
890 2141 1033 2238 βάρίίαρα
1045 2130 1143 2228 Ῥήνου

345 2253 515 2345 Γερμανοὺς
528 2254 680 2337 ναίοντας,
699 2247 898 2331 ὀϊστούόλους
915 2258 941 2319 τ’
960 2236 1081 2345 Ῐύηρας.

343 2361 450 2426 Αὐτίκ’
472 2347 621 2438 θουθαίοις
639 2362 733 2428 κακὸν
755 2362 877 2427 ἔσσεται
896 2355 971 2426 ἀλλο
992 2362 1148 2455 μέγιστον,

340 2466 464 2541 Φοινίκη
480 2459 511 2532 θ’
529 2468 578 2534 ἐπὶ
595 2473 659 2545 τοῖς
677 2469 781 2534 πίεται
800 2468 888 2558 ρόνον
907 2461 1094 2560 ὀμόρήεντα,

341 2571 435 2664 Τείχη
454 2566 483 2640 θ’
503 2563 659 2664 Ᾰσσυρίων
674 2578 799 2640 τίσεται
817 2580 942 2650 πολλοῖς
960 2580 1174 2666 πολεμισταῖς,

241 2675 301 2741 155
340 2682 403 2745 Καὶ
418 2679 510 2747 ποθιιν
528 2674 657 2756 ἐξολέσει
676 2681 803 2758 τούτους
824 2681 1011 2773 θυμοφθόρος
1027 2683 1113 2772 ἀνήρ.

341 2767 496 2853 λίσσονται
511 2778 541 2853 θ’
560 2785 673 2858 ήπειτα
694 2790 773 2855 Θεοῦ
788 2788 972 2878 κρατέοντος
991 2787 1126 2866 ἀπειλαὶ,

342 2892 465 2984 Σεισμοὶ
479 2892 531 2960 καὶ
542 2893 645 2985 λοιμοὶ
660 2895 786 2986 μεγάλοι
802 2890 885 2960 κατὰ
905 2902 994 2987 γαῖαν
1014 2893 1149 2982 ἅπασαν,

341 2998 405 3065 Καὶ
418 3001 533 3093 νιφετοὶ
547 2998 632 3093 παρὰ
646 3001 762 3092 καιρὸν,
778 2998 857 3094 ἀτθιρ
874 2999 1000 3093 μαλεροί
1014 3027 1046 3067 τε
1066 3002 1215 3093 κεραυνοί.

341 3107 405 3174 Καὶ
422 3106 491 3175 τότε
507 3099 545 3181 δή
564 3109 703 3190 βασιλεὺς
722 3113 737 3174 ὁ
758 3114 854 3201 μέγας
874 3099 927 3173 θιὰ
947 3113 1049 3197 μῶλον
1069 3093 1184 3199 Ᾰρηος,

237 3218 298 3281 160
339 3215 458 3292 Κελτὸς
477 3210 667 3308 ὀρειούοίτης,
685 3206 824 3281 σπεύθων
840 3218 888 3281 ἐπὶ
908 3205 994 3306 θῆριν
1013 3215 1148 3310 ἀγῶνος,

343 3324 462 3412 Μοῖραν
478 3321 625 3394 ἀεικελίην
643 3324 677 3388 ού
695 3315 848 3410 φεύξεται,
868 3319 948 3387 ἀλλά
962 3322 1110 3405 θανεῖται,

342 3405 387 3492 ὃν
403 3429 482 3504 κόνις
497 3429 655 3519 ἀλλότριον
673 3424 778 3519 κρύψει
797 3430 895 3506 νέκυν,
915 3429 1030 3517 οὕνομα
1048 3419 1075 3492 θ’
1090 3428 1134 3500 εἴη

289 3568 293 3577 ·
341 3518 452 3610 Ᾰνθεος
469 3535 570 3624 οὔνομ’
588 3538 711 3625 ἔχουσα.
766 3536 844 3602 Μετ’
865 3534 957 3600 αὐτὸν
978 3525 1007 3598 θ’
1028 3530 1121 3613 ἄλλος
1141 3527 1244 3610 ἀνοίξει

341 3631 574 3734 Ᾰργυρόκρανος
588 3640 684 3732 ἀνήρ·
709 3649 764 3705 τοῦ
783 3632 813 3706 θ’
830 3641 950 3707 ἔσσεται
972 3642 1086 3734 ούνομα
1104 3642 1244 3707 πόντου·

239 3749 298 3815 165
340 3735 443 3838 Ᾰρχήν
465 3745 615 3837 στοιχείου
635 3749 791 3838 προρέρων
809 3743 1055 3840 τετρασύλλαύος
1070 3731 1165 3840 Ᾰρης.

342 3857 459 3931 Θύτους
479 3853 530 3918 καὶ
548 3853 636 3928 ναοὺς
653 3852 760 3918 πολεσι
778 3852 892 3931 πάσαις
910 3853 1064 3939 ἀναθήσει,
1098 3890 1099 3894 ’

231 4043 401 4104 -112,οσσ.
419 4037 509 4100 Nerva,
527 4038 595 4103 cujus
610 4038 680 4088 litera
701 4038 731 4097 N,
746 4054 861 4089 numerus
874 4043 914 4090 50.
925 4069 956 4076 —
967 4045 1023 4101 111,
1034 4056 1088 4105 sqq.
1102 4039 1228 4104 Trajanus,
1242 4042 1312 4106 cujus
1327 4043 1362 4091 li·

234 4134 285 4174 tera
295 4123 323 4183 Τ,
337 4139 452 4173 numerus
465 4128 525 4175 ³00.
540 4153 571 4161 -
587 4127 643 4186 163,
660 4138 714 4188 sqq.
729 4123 875 4185 Hadrianus,
900 4141 976 4190 graece
1003 4125 1137 4192 ’Δδριανός,
1151 4125 1221 4190 cujus
1235 4124 1308 4175 litera
1324 4128 1360 4190 A,

232 4224 348 4258 numerus
362 4212 384 4259 1.
402 4236 433 4246 -

271 4351 326 4398 136.
346 4346 434 4396 Versus
449 4348 475 4396 in
496 4347 543 4396 fine
557 4347 660 4397 laborat.
680 4347 718 4396 Αυ
732 4361 776 4412 pm
845 4349 899 4396 110.
920 4346 996 4397 Codd.
1009 4357 1062 4412 post
1073 4346 1157 4411 βιότου
1167 4346 1259 4397 addunt
1271 4346 1302 4397 τ’.

234 4423 314 4484 μεῖζον
323 4421 450 4486 legendum
468 4424 602 4486 μέγιστονὲ
846 4426 901 4472 113.
917 4422 1010 4472 Ductus
1024 4439 1106 4472 versus
1119 4439 1149 4471 ειι
1162 4421 1191 4484 V,
1208 4426 1248 4474 ⁴1.

271 4499 325 4546 138.
345 4496 422 4547 Godd.
446 4499 743 4554 πολλοίτινιςιυοεοοττ.
846 4499 901 4547 118.
921 4498 957 4548 Ex
969 4496 998 4557 V,
1014 4501 1054 4548 ⁴2.
