3186 5310
455 444 737 512 sternumenta
758 448 831 512 ma.
853 450 931 527 tur,
952 450 971 534 ς
992 453 1011 515 a
1033 450 1128 534 (xa).
1302 450 1364 517 ets

688 683 742 768 a
785 715 814 770 s
883 716 907 772 a

238 901 304 984 430
371 903 595 994 Omnipotens,
615 928 654 970 ex
669 927 704 970 se
718 905 857 993 genitus,
871 905 939 972 sine
955 904 1019 972 fine
1032 907 1207 1000 modoque,

326 1012 480 1092 Caelestis,
501 1036 611 1103 purus,
627 1012 682 1102 qui
698 1029 858 1105 temperat
873 1015 966 1105 ignea
978 1031 1074 1081 nutu

325 1119 480 1198 Flamina,
496 1136 619 1210 sceptra
636 1135 724 1186 tenet
736 1120 793 1211 qui
813 1120 953 1187 fulminis
966 1138 1063 1213 atque
1078 1123 1224 1212 fragoris,

324 1227 526 1316 Includitque
541 1227 626 1293 cavis
642 1226 804 1294 horrenda
825 1228 965 1295 tonitrua
982 1229 1113 1309 nimbis,

325 1337 364 1400 Et
379 1351 499 1401 terram
513 1336 615 1424 quatit
633 1335 765 1402 alternis
781 1335 933 1426 sedatque
947 1353 1151 1406 trementem.

236 1443 299 1525 435
324 1442 485 1509 Obtundit
500 1443 601 1533 rapidi
616 1441 796 1510 flammatos
813 1444 949 1535 fulguris
962 1444 1061 1524 ictus3

323 1553 496 1616 Torrentes
510 1550 634 1641 pluvias
651 1574 689 1617 ao
706 1573 812 1617 vernae
826 1552 990 1642 grandinis
1004 1553 1124 1620 imbres

324 1661 365 1723 Et
378 1657 500 1723 nivium
513 1661 618 1746 jactus
634 1657 777 1743 cohibet,
797 1660 983 1749 brumaeque
999 1660 1153 1752 rigorem.

322 1767 436 1832 Omnia
454 1790 528 1832 nam
543 1789 653 1833 secum
667 1782 829 1857 reputant,
849 1767 927 1858 quid
944 1786 1050 1836 mente
1065 1772 1207 1858 volutes,

322 1873 409 1958 Quid
420 1873 681 1960 jubeam-<Natum
694 1876 882 1942 unanimem
899 1898 950 1941 res
967 1894 1042 1943 ante
1057 1896 1181 1946 oreatus

234 1988 300 2067 440
326 1982 474 2049 Consiliis
491 1983 660 2061 adhibens,
679 1981 850 2073 patrioque
864 1984 1031 2073 amplexus
1044 2009 1167 2070 amore,

324 2089 397 2155 Sive
412 2089 567 2155 creatoris
581 2113 637 2154 seu
655 2107 763 2179 partes
775 2088 893 2177 judicis
911 2090 1037 2181 imples.

365 2195 417 2261 Ad
436 2219 533 2286 quem
548 2211 584 2261 tu
599 2195 706 2287 primo
723 2197 768 2261 sio
783 2219 818 2262 es
831 2219 982 2265 sermone
998 2199 1147 2269 locutus:

322 2305 371 2370 En
388 2305 568 2383 hominem,
586 2303 643 2383 fili,
659 2305 827 2394 proprium
838 2306 1025 2385 condamus,
1040 2324 1073 2372 et
1087 2307 1136 2373 ori
1314 2323 1330 2380 ‘t

320 2410 529 2477 Consimilem
542 2428 666 2491 nostro,
676 2410 822 2502 'vitaeque
838 2412 995 2482 addamus
1009 2415 1185 2495 honorem3

231 2518 297 2600 445
321 2518 378 2583 Cui
394 2520 442 2583 vel
459 2518 602 2602 mortali,
618 2535 650 2584 et
667 2534 760 2584 terrae
776 2521 878 2610 spatia
893 2520 956 2586 ima
972 2521 1110 2601 tenenti,

321 2630 443 2693 Cuncta
461 2650 520 2718 per
535 2626 729 2694 immensum
741 2629 860 2694 servire
868 2628 1057 2716 jubebimus
1072 2631 1200 2700 orbem.

365 2735 442 2800 Haeo
456 2735 512 2799 ubi
528 2749 563 2799 tu
578 2734 689 2800 Verbo
704 2736 801 2813 fatus,
821 2735 915 2801 simul
931 2736 1042 2802 omnia
1056 2738 1157 2804 menti

320 2844 472 2908 Consona
487 2844 570 2907 faota
586 2859 650 2908 tuae
667 2866 675 2908 ε
695 2859 808 2932 parent
825 2844 984 2910 elementa
992 2844 1138 2930 jubenti,

320 2949 517 3039 Mortalique
532 2949 623 3039 operi
639 2966 766 3040 aptatur
780 2966 895 3016 natura
908 2950 1070 3041 perennis.

232 3057 299 3140 450
321 3057 455 3145 Galum,
473 3080 539 3136 aer,
559 3057 653 3147 ignis,
671 3058 779 3141 tellus,
793 3057 951 3149 pontique
967 3055 1097 3139 fluenta,

322 3164 392 3246 Sol,
408 3165 496 3248 luna,
512 3181 737 3256 astrorumque
753 3168 884 3246 chorus,
900 3182 1093 3256 montesque
1111 3166 1233 3258 supini,

322 3274 473 3364 Noxque,
491 3272 635 3362 diesque,
651 3297 762 3363 sopor,
779 3272 957 3364 vigilantia,
973 3275 1051 3354 vita,
1068 3273 1237 3357 voluntas,

321 3382 425 3461 Mens,
444 3380 634 3460 intellectus,
652 3382 698 3447 vis
713 3397 809 3472 atque
823 3405 889 3470 ars,
909 3379 1038 3472 spiritus
1055 3400 1089 3449 et
1105 3404 1180 3466 vox,
1226 3450 1230 3457 ,

232 3569 306 3622 modo
318 3568 349 3619 alt
360 3569 445 3619 eedem
460 3585 534 3619 mann
548 3567 670 3636 proiectus
678 3584 726 3636 qua
737 3584 794 3635 pars
808 3584 918 3634 sequens,
932 3568 998 3635 vltt,
1010 3568 1027 3635 s
1041 3571 1065 3629 4,
1079 3568 1104 3620 in
1118 3559 1166 3636 qua
1179 3567 1319 3620 notabimus
1331 3570 1365 3651 ei·

231 3656 284 3711 nul
298 3654 440 3708 Christiane
453 3653 576 3721 religionis
589 3655 657 3706 velut
664 3656 716 3722 jam
725 3654 844 3716 florentis,
853 3655 1033 3722 simulpagmae
1041 3652 1157 3722 tanquam
1166 3653 1363 3736 adhuotigentir,

232 3741 324 3794 tuam
336 3741 496 3792 mentionem.
511 3739 600 3792 Confer
611 3740 747 3791 &eorsum
758 3750 868 3802 nomam
879 3739 909 3801 v,
920 3757 973 3808 cap.
998 3746 1078 3793 14.-
1092 3745 1151 3805 430,
1166 3756 1221 3807 sqq.
1236 3739 1302 3791 Laut
1321 3739 1365 3792 Dei

232 3824 320 3878 Patris.
335 3855 369 3865 -·
383 3827 442 3890 442,
457 3841 511 3891 sqq.
522 3823 600 3876 Patris
611 3835 637 3876 et
651 3825 707 3876 Filii
726 3841 856 3876 commuue
871 3841 943 3892 opus,
956 3827 1042 3877 mundi
1056 3836 1080 3877 et
1094 3825 1200 3916 hominis
1213 3825 1313 3877 creatio.
1333 3853 1365 3867 -

268 3982 328 4032 426.
346 3979 422 4031 codd.
433 3979 550 4047 ἡραιινῆς
559 3977 597 4028 rel
607 3977 780 4044 intestinum
847 3981 905 4030 tta.
923 3978 999 4029 Godd.
1022 3978 1122 4044 quidem
1136 3976 1213 4034 dioto<
1226 3978 1363 4039 omittunt,

232 4071 278 4108 uos
289 4070 305 4107 e
317 4057 384 4121 eonj.
396 4057 502 4124 ιῑαρινῆς
515 4055 570 4105 :sod
583 4063 717 4122 praestaret,
728 4071 780 4106 me·
813 4054 915 4105 fortasse
924 4071 955 4105 ne
968 4052 1091 4104 eternitas
1097 4054 1204 4106 materie
1216 4054 1361 4120 affingatur:

232 4131 360 4195 tti'oauaa,
374 4132 394 4182 si
406 4132 502 4194 liceret,
515 4130 646 4198 4ειαρινῆς.
814 4130 856 4181 aed
869 4133 948 4186 κτίσις
967 4131 1044 4185 ἀίδιος
1062 4129 1220 4196 intelligenda
1231 4139 1320 4182 natum
1336 4130 1363 4180 iu

269 4209 326 4259 428.
347 4211 383 4257 An
398 4209 480 4257 αὐτῶν
495 4208 542 4272 γὰρ
555 4208 586 4256 τὰ
598 4209 711 4257 taenea?
814 4215 960 4274 perpetuum
968 4215 1068 4266 creatu
1079 4205 1181 4271 πλάσμα
1193 4206 1280 4266 θνητόν
1288 4204 1363 4256 homo

269 4286 326 4335 440.
345 4281 382 4333 lle
402 4282 448 4334 hee
470 4292 522 4333 tota
543 4280 622 4333 Patris
644 4297 700 4331 oum
720 4281 782 4332 Filio
815 4292 912 4332 oreatus
924 4280 1044 4332 mortalis.

227 4355 412 4414 'mationa
421 4358 466 4409 alr.
476 4355 559 4424 sopra,
571 4361 630 4420 264,
640 4372 694 4422 sqq.
848 4362 906 4409 450.
924 4356 1000 4408 eodo.
1017 4358 1048 4420 γῆ
1063 4372 1108 4423 pro
1122 4373 1148 4407 rt
1162 4372 1168 4405 :
1182 4372 1226 4406 not
1240 4371 1304 4406 oorr.

227 4452 230 4458 ’
269 4434 327 4486 442.
340 4428 426 4485 todo.
440 4432 626 4501 ηὔσφθέγξατο
640 4448 647 4482 :
659 4437 777 4482 uos'oorr.
847 4436 904 4484 tot.
923 4432 953 4483 ln
975 4431 1024 4482 fine
1046 4433 1118 4484 oodd.
1141 4428 1218 4499 οὖριὰ
1237 4431 1259 4481 τ’
1280 4425 1359 4500 ἦμαρ,

269 4512 327 4562 442.
346 4509 435 4560 Omnes
445 4508 514 4568 ἴδιον,
522 4507 564 4559 obi
575 4508 681 4559 nosldoti
691 4523 705 4557 e
714 4510 778 4576 oonj.
813 4509 920 4560 adducta
931 4507 995 4557 mele
1006 4508 1093 4559 ultima
1111 4524 1171 4558 voce
1184 4523 1215 4557 ex
1228 4522 1299 4557 versu
1308 4522 1360 4575 sq:
1436 4565 1439 4570 ,

234 4586 271 4640 lle
282 4587 425 4652 ποιήσωμεν
436 4584 531 4654 aliquid
541 4600 585 4637 uos
595 4584 628 4637 ed
639 4599 662 4634 v.
675 4585 733 4637 285.
814 4584 841 4635 in
855 4583 904 4636 hoo
919 4583 1004 4652 μακρά
1013 4584 1099 4652 mpple
1112 4600 1154 4636 teu
1166 4583 1215 4637 tale
1225 4581 1294 4656 quio
