3186 5310
325 391 364 450 92
657 390 911 454 ΣΙΒΥΛΛΙΑΚΩΝ
934 389 1057 450 ΛΟΓΟΣ
1078 389 1111 449 Γ.

432 537 562 622 Πάντες,
581 540 633 607 καὶ
654 538 746 633 Τροίη
766 543 859 608 κακὸν
871 541 993 606 ἔσσεται
1006 540 1104 631 ἤματι
1123 538 1223 624 κείνῳ.

431 644 552 712 Αὐτίκα
567 646 617 713 καὶ
637 649 772 742 Πέρσησι
790 647 842 714 καὶ
862 635 1023 740 Ᾰσσυρίοις
1038 647 1132 713 κακὸν
1148 638 1225 731 ἥξει,

433 747 522 845 Πάσρ
540 755 569 818 τ’
588 754 747 847 Αἰγύπτῳ,
762 749 872 850 Λιόόη,
889 746 941 831 ἡδ’
961 754 1149 838 Αἰθιόπεσσι,

432 858 535 950 Καρσί
551 887 598 946 τε,
621 863 803 954 Παμφόλοις
818 887 863 945 τε,
881 871 983 940 κακῶς
996 862 1243 954 μετακινηθῆναι,

328 990 390 1032 κιο
432 966 496 1034 Καὶ
514 967 661 1036 πάντεσσι
685 972 836 1062 βροτοῖσι.
864 971 906 1036 Τί
923 960 962 1045 δὴ
982 953 1050 1036 καθ’
1072 967 1101 1034 ἓν
1121 961 1305 1062 ἐξαγορεόως

432 1058 512 1141 Ᾰλλ’
531 1076 645 1144 ὁπόταν
666 1073 707 1142 τὰ
726 1087 836 1170 πρῶτα
853 1079 941 1155 τελος
956 1071 1055 1170 λάθῃ,
1077 1075 1188 1142 αὐτίκα
1204 1067 1232 1141 δ’
1246 1076 1333 1142 ἔσται

432 1182 550 1275 Δεότερ’
564 1185 612 1251 ἐπ’
627 1184 812 1276 ἀνθρώπους.
829 1183 894 1250 Καί
912 1208 961 1251 τοι
979 1186 1140 1275 πρώτιστα
1160 1185 1275 1268 βοάσω.

486 1277 641 1382 Ᾰνδράσιν
658 1287 808 1359 εὐσεόέσιν
824 1285 888 1369 ἥξει
901 1291 1005 1376 κακὸν,
1024 1285 1052 1358 οῖ
1075 1289 1142 1383 περὶ
1162 1291 1233 1357 ναὸν

432 1394 587 1464 Οίκείουσι
607 1399 702 1490 μέγαν
722 1400 922 1491 Σολυμώνιον,
947 1400 1025 1465 οἵτε
1044 1388 1169 1465 δικαίων

331 1500 394 1567 215
436 1489 504 1570 Ᾰνδ
510 1513 566 1595 ρῶν
581 1504 700 1600 ἔκγονοί
713 1504 798 1572 εἰσιν.
820 1488 914 1597 Ομως
930 1504 981 1572 καὶ
998 1497 1096 1572 τῶνδε
1117 1508 1220 1590 βοάσω

408 1628 411 1634 ⁴
431 1613 543 1694 Φῦλον,
562 1611 613 1679 καὶ
631 1614 733 1705 γενεὴν
753 1615 903 1705 πατέρων,
924 1611 975 1682 καὶ
995 1602 1094 1704 δῆμον
1111 1611 1269 1694 ἁπάντων,

434 1716 545 1783 Πάντα
563 1710 781 1811 περιφραδέως,
799 1720 889 1811 βροτὲ
908 1718 1107 1811 ποικιλόμητι
1122 1711 1282 1811 δολόρρον.

488 1805 568 1890 1ἐστι
586 1825 675 1904 πόλις
694 1872 860 1893 .......
882 1822 962 1893 κατὰ
979 1826 1085 1918 χθονός
1104 1812 1182 1921 [Οθρ
1199 1811 1400 1918 Χαλδαίων,]

436 1916 480 2007 βξ
492 1929 528 2009 ης
544 1958 595 2023 μοι
608 1934 694 2026 γένος
710 1933 772 1999 ἐστὶ
787 1923 991 2008 δικαιοτάτων
1009 1932 1187 2026 ἀνθρώπων,

330 2062 394 2102 220
436 2033 524 2105 Οἷσιν
541 2039 587 2104 ἀεὶ
603 2040 701 2122 βουλό
715 2045 742 2106 τ’
757 2038 869 2134 ἀγαθὴ,
886 2039 966 2106 καλά
985 2045 1013 2107 τ’
1031 2042 1105 2134 ἔργα
1121 2043 1264 2132 μέμηλεν.

435 2145 517 2212 Οίτε
532 2143 589 2240 γὰρ
604 2145 706 2222 ἠελίου
721 2148 843 2214 κύκλιον
863 2138 991 2239 δρόμον,
1015 2148 1086 2214 οὔτε
1105 2148 1241 2227 σελήνης,

434 2252 518 2318 Οὔτε
538 2256 673 2347 πελώρια
689 2255 763 2349 ἔργα
779 2263 945 2346 μεριμνῶσι
961 2251 1044 2320 κατὰ
1062 2254 1162 2347 γαίης,

435 2358 519 2426 Οότε
539 2360 631 2444 βάθος
645 2369 794 2454 χαροποῖο
815 2360 969 2438 θαλάσσης
987 2348 1151 2444 Ὠκεανοῖο,

436 2466 483 2532 Οίι
504 2474 652 2559 πταρμῶν
669 2472 766 2559 σημεῖ’
781 2466 970 2535 οἰωνοπόλων
987 2493 1022 2533 τε
1043 2461 1181 2550 πετεινόι,

230 2625 233 2630 .
332 2571 395 2638 225
440 2572 641 2665 Οὐμάντιις,
669 2577 703 2640 οὐ
722 2574 913 2665 ραρμακοὺς,
936 2575 1046 2665 οθμθν
1066 2562 1242 2658 ίπαοιδοὺς,

438 2682 485 2746 Οὐ
506 2679 607 2773 μόθων
624 2690 732 2773 μωρῶν
748 2678 872 2757 ἀπάτας
887 2680 1148 2774 ἐγγαστριμύθων,

435 2776 519 2855 Οὐδὲ
533 2786 573 2853 τὰ
588 2780 756 2854 Χαλδαίων
772 2783 813 2852 τὰ
827 2785 1000 2879 προμάντια
1016 2788 1267 2882 ἀστρολογυῦσιν,

440 2884 525 2960 Οὐδὲ
546 2895 600 2986 μὲν
615 2893 854 2986 άστρονομοῠσι·
870 2890 910 2959 τὰ
923 2893 981 2988 γὰρ
996 2895 1098 2960 πλάνα
1113 2895 1217 2960 πάντα
1231 2896 1377 2986 πέφυκεν,

440 2985 530 3068 Οσσα
542 3024 592 3066 κεν
606 2997 731 3092 άρρονες
751 2991 858 3090 ἄνδρες
874 3002 1011 3091 ἐρευνῶσι
1027 2997 1109 3067 κατὰ
1122 2997 1218 3094 ἦμαρ,

335 3109 399 3174 230
440 3104 550 3199 Ψυχὰς
566 3100 768 3201 γυμνάζοντες
783 3110 811 3185 ἐς
826 3098 913 3174 οὐδὲν
929 3110 1078 3200 χρήσιμον
1097 3109 1195 3202 ἔργον,

437 3215 500 3280 Καί
518 3221 555 3306 ῥα
574 3215 691 3288 πλάνην
712 3205 857 3291 ἐδίδαξαν
877 3215 1040 3293 άεικελίους
1057 3214 1256 3307 ἀνθρώπους·

436 3306 482 3398 Εἰ
498 3319 538 3387 ών
557 3312 596 3395 δὴ
618 3317 698 3388 κακά
719 3317 819 3388 πολλὰ
839 3324 960 3413 βροτοῖς
976 3323 1103 3388 πέλεται
1119 3317 1202 3387 κατὰ
1215 3328 1322 3415 γαῖαν,

347 3453 352 3464 ·
438 3428 502 3495 Τοῦ
524 3427 734 3501 πεπλανῆσθαι
753 3419 844 3507 όδοός
862 3432 888 3493 τ’
904 3424 1021 3520 ἀγαθὰς
1034 3426 1086 3495 καὶ
1106 3428 1179 3521 ἔργα
1200 3418 1316 3494 δίκαια.

437 3534 478 3603 Οἱ
493 3525 528 3600 δὲ
546 3532 711 3627 μεριμνῶσί
729 3561 762 3602 τε
785 3527 979 3608 δικαιοσύνην
995 3539 1023 3601 τ’
1042 3536 1152 3629 άρετιόν
1171 3559 1220 3601 τε·

335 3642 398 3710 235
440 3644 507 3711 Κοθ
528 3643 775 3733 ριλοχρημοσόνη
793 3626 888 3735 [τοῖς]
903 3643 944 3735 γ’,
962 3642 981 3717 ἢ
1000 3636 1081 3708 κακὰ
1101 3640 1193 3734 μυρία
1212 3639 1311 3708 τίκτει

436 3750 569 3824 Θνητοῖς
590 3746 770 3840 ἀνθρώποις,
789 3746 922 3840 πόλεμον
939 3746 991 3827 καὶ
1004 3751 1095 3839 λιμὸν
1111 3744 1244 3840 ἄπειρον.

330 3964 429 4020 -m,
441 3976 494 4026 sqq.
510 3958 631 4009 Ττειιεῖῑίο
644 3959 676 4008 ιθ
688 3958 826 4008 Judaeorum
839 3958 972 4009 historiam.
991 3988 1019 4021 —,
1034 3962 1092 4021 218,
1108 3976 1161 4026 sqq.
1177 3959 1240 4010 Laus
1259 3960 1405 4010 Judaeorum.
1421 3991 1451 4000 -

364 4138 423 4187 208.
442 4134 499 4185 Post
510 4135 588 4199 Διθύῃ
603 4148 636 4183 ευ
648 4133 670 4182 τ’
682 4133 838 4182 addendum?
943 4135 1000 4184 218.
1017 4132 1047 4182 ln
1065 4135 1152 4184 lacuna
1165 4133 1266 4184 sortasse
1278 4134 1409 4200 Καμάρινα
1419 4133 1454 4183 le-

366 4213 424 4263 209.
442 4211 520 4260 codd.
535 4209 587 4269 alii,
604 4210 759 4273 Παμφυλίοις
774 4224 801 4258 τε
811 4223 817 4258 :
830 4207 875 4258 cfr.
908 4208 1022 4274 gendum,
1032 4210 1163 4274 antiquum
1174 4224 1264 4258 nomen
1274 4208 1341 4257 urbis
1351 4208 1392 4264 Ur,
1403 4218 1455 4258 tra-

332 4296 405 4352 supra
426 4288 480 4336 169.
508 4285 599 4334 Deinde
618 4300 662 4349 pro
680 4284 757 4333 κακόν
777 4283 832 4334 vide
845 4301 877 4333 an
909 4285 981 4333 dente
996 4284 1128 4351 Eupolemo
1140 4286 1205 4351 apud
1220 4283 1361 4342 Eusebium,
1378 4284 1455 4352 Praep.

333 4363 418 4417 κακῶς
425 4362 497 4426 legas.
512 4359 558 4408 uisi
571 4359 877 4426 infinitivusprosubstan-
909 4360 1010 4426 fficap.
1026 4365 1065 4422 11,
1079 4361 1170 4417 ludam,
1185 4371 1212 4410 ut
1225 4360 1331 4419 videtur,
1344 4369 1453 4425 auctore,

333 4436 384 4487 tivo
396 4435 510 4486 sumitur.
909 4436 951 4500 qui
973 4435 1091 4500 Sibyllina
1109 4436 1211 4500 legerat,
1237 4435 1325 4484 Euseb.
1345 4434 1405 4484 ibid.
1425 4435 1454 4485 ln

310 4541 315 4560 .
368 4515 427 4565 214.
444 4509 704 4563 Μοῖκοῖισιειιοε
715 4526 780 4561 corr.
910 4511 958 4560 [ine
972 4511 1043 4561 codd.
1061 4510 1238 4578 οὺρχαλδαίω(
1245 4526 1292 4579 pro
1309 4526 1359 4577 quo
1382 4511 1456 4578 pauci
