3186 5310
586 431 638 509 nu
659 429 874 525 surium.
1195 444 1289 493 mn

168 561 289 628 minum
321 588 434 629 manus
467 580 670 645 consuerant,
697 587 828 653 prorsus
856 563 1088 628 obliteraverit.
1116 564 1218 651 Hujus
1243 563 1291 627 rei

167 690 356 760 argumento
371 689 420 737 est
434 674 521 762 quod
540 673 570 736 in
587 672 738 737 omnibus
751 695 836 737 nunc
850 670 1048 737 exstantibus
1061 669 1288 761 manuscriptis

168 797 263 870 atque
287 781 360 846 ldeo
380 781 413 845 in
429 781 534 865 editis,
560 780 634 846 libri
659 804 770 846 omnes
791 781 991 872 reperiantur
1013 779 1130 845 eodem
1155 778 1240 844 inter
1256 801 1290 842 se

167 888 381 977 procedentes
395 889 508 953 ordine
522 887 700 978 iisdemque
717 888 859 954 distincti
874 886 1028 954 numetis.
1043 889 1092 953 Ita
1102 909 1203 976 quum
1214 884 1288 951 libri

170 1014 310 1086 quatuor
326 997 443 1074 ultimi,
459 1020 531 1062 sero
544 997 673 1061 demum
693 995 757 1061 suis
774 995 857 1061 eruti
875 995 1032 1079 tenebris,
1050 994 1196 1059 inlucem
1213 1018 1291 1084 pro-

169 1103 312 1188 dierunt,
326 1105 445 1170 inventi
457 1123 532 1171 sunt
543 1103 685 1170 numeris
702 1104 846 1194 inscripti
858 1105 966 1195 palam
978 1128 1017 1168 ex
1032 1102 1165 1190 antiquo
1177 1101 1291 1168 ordine

171 1213 317 1296 retentis,
337 1215 493 1296 xl‚x11‚
513 1214 604 1289 ΧΙΙΙ,
620 1211 708 1278 XIV.
726 1214 834 1278 Unum
855 1215 926 1298 jure
946 1210 1043 1298 objici
1066 1225 1187 1299 potest,
1209 1233 1292 1275 non-

172 1314 267 1379 nullis
284 1317 317 1381 in
333 1317 445 1399 codd,
469 1317 563 1382 bonis
579 1316 708 1407 quidem
727 1317 801 1401 illis,
821 1318 878 1383 sed
895 1317 1015 1407 paucis,
1039 1339 1154 1406 agmen
1175 1315 1293 1381 ducere

173 1419 292 1487 librum
306 1425 360 1512 qui
378 1425 473 1513 vulgo
494 1441 626 1491 octavus
649 1443 710 1505 est,
735 1450 772 1492 ao
792 1443 861 1492 tum
877 1427 979 1493 libros
1001 1428 1016 1489 l
1038 1441 1071 1489 et
1087 1426 1119 1489 ll
1141 1424 1173 1489 in
1193 1446 1294 1489 unum

173 1528 364 1610 coalescere,
382 1532 470 1620 quod
488 1551 519 1597 et
543 1533 686 1623 ipsorum
703 1532 804 1599 titulis
821 1533 964 1622 arguitur
981 1531 1065 1621 apud
1084 1554 1144 1597 nos
1163 1530 1297 1620 diligen·

171 1653 221 1701 ter
234 1638 401 1704 asservatis
417 1668 424 1705 ε
443 1664 554 1705 rerum
569 1639 602 1705 id
617 1664 674 1730 per
688 1642 909 1731 exceptionem
922 1663 941 1704 a
953 1636 1092 1705 librariis
1101 1636 1295 1727 quibusdam

171 1743 390 1811 introductum
401 1745 555 1828 nonalia,
574 1763 611 1812 nt
628 1746 764 1830 videtur,
783 1772 878 1813 causa
893 1771 990 1837 quam
1005 1745 1092 1835 quod
1102 1743 1211 1810 medio
1227 1768 1293 1810 aevo

170 1850 243 1940 plus
256 1851 376 1941 aliquid
389 1853 552 1943 dignitatis
564 1853 662 1920 tribui
678 1855 805 1922 solebat
821 1872 935 1920 octavo
955 1853 1040 1919 libro
1056 1871 1188 1944 propter
1207 1852 1293 1919 illam

170 1983 232 2050 qua
248 1958 418 2049 insignitur
437 1961 697 2029 acrostichidem.
714 1963 849 2052 Proprie
863 1962 960 2051 igitur
976 1961 1039 2027 dici
1058 1978 1165 2051 potest
1180 1961 1294 2027 arche·

170 2080 280 2154 typam
295 2066 518 2133 collectionem
536 2068 633 2134 nobis
654 2093 740 2134 nunc
758 2068 862 2157 ipsum
881 2092 951 2133 esse
972 2068 1163 2157 Sibylliuum
1181 2091 1262 2158 opus
1284 2090 1293 2134 ε

174 2170 272 2262 idque
287 2175 371 2239 valet
387 2198 453 2238 non
465 2176 506 2240 de
526 2175 639 2240 ordine
652 2174 751 2239 modo
765 2175 938 2254 librorum,
953 2174 1010 2241 sed
1028 2174 1126 2241 etiam
1144 2176 1185 2240 de
1199 2174 1296 2265 scrip

175 2295 246 2343 tura
259 2281 338 2363 sive,
354 2299 389 2345 ut
403 2282 499 2370 vulgo
514 2283 703 2373 loquuntur,
718 2282 758 2347 de
772 2299 875 2365 textu,
889 2283 943 2371 qui
957 2306 997 2347 eo
1013 2281 1119 2349 verior
1128 2282 1295 2351 habendus

176 2403 224 2450 est
241 2409 305 2474 quo
322 2387 422 2477 magis
436 2388 476 2452 ad
492 2389 674 2455 collectoris
690 2406 830 2455 mentem
846 2388 980 2456 accedit.

217 2493 348 2557 Frustra
374 2493 469 2582 igitur
493 2495 676 2586 philologus
701 2494 969 2561 eminentissimus
995 2517 1055 2559 nec
1077 2493 1145 2560 sinc
1169 2493 1296 2562 honore

175 2599 404 2666 memorandus
421 2603 458 2666 C.
475 2602 557 2668 Lud.
578 2604 704 2687 Struve,
723 2627 807 2668 anno
835 2604 930 2690 1817,
946 2602 1070 2689 juvenis
1094 2601 1190 2669 etiam
1212 2621 1294 2684 tum,

178 2739 189 2764 ι
210 2709 389 2797 fragmenta
419 2700 573 2776 librorum
601 2711 844 2802 Sibyllinorum,
879 2735 949 2801 quae
979 2710 1066 2800 apud
1095 2711 1294 2783 Lacuntiun

178 2846 190 2870 a
212 2815 432 2905 reperiuntur,
450 2817 639 2902 emendata,
663 2851 674 2875 n
695 2817 848 2907 singulari
863 2817 1134 2883 commentatione
1151 2817 1294 2906 protulit.

173 2924 280 2989 Minus
299 2924 418 3015 quippe
436 2925 616 2991 attenderat
631 2925 822 3017 sibyllinum
846 2942 970 2993 textum
987 2925 1085 2991 talem
1098 2924 1196 2991 hodie
1208 2948 1297 3015 quae-

173 3030 309 3096 rendum
322 3055 391 3097 esse
405 3033 507 3124 qualis
529 3034 561 3097 in
584 3033 684 3099 veteri
706 3033 828 3099 exstitit
846 3032 1046 3111 collectione,
1061 3056 1128 3099 non
1144 3032 1248 3122 qualis
1264 3032 1299 3098 in

174 3136 307 3226 singulis
323 3139 560 3229 exemplaribus
576 3140 741 3206 ferebatur
764 3139 882 3230 quibus
896 3140 974 3206 olim
992 3137 1093 3205 sancti
1118 3141 1230 3205 Patres
1249 3139 1297 3205 usi

175 3260 262 3328 sunt,
281 3243 436 3310 lectiones
458 3246 685 3313 exhibentibus
703 3271 786 3338 saepe
809 3248 892 3312 inter
904 3270 937 3311 se
953 3244 1183 3335 discrepantes,
1199 3244 1300 3311 inter·

176 3352 255 3418 dum
275 3351 402 3416 etiama
430 3353 602 3419 uitantibus
620 3354 744 3432 insciis,
779 3352 943 3419 memoriae
971 3352 1067 3440 vitio,
1088 3367 1297 3443 permutatas.

54 3527 59 3538 ,
159 3498 160 3501 κ
177 3461 371 3549 Quanquam
385 3484 450 3531 non
464 3484 618 3550 negamus
643 3461 765 3550 aliquid
787 3461 858 3550 opis
873 3484 1107 3551 nonnunquam
1134 3459 1227 3526 exiis
1249 3459 1300 3524 al-

177 3568 254 3633 ferri
276 3593 371 3659 posse
394 3568 437 3634 ad
464 3569 654 3659 scripturam
679 3568 886 3635 vetustiorem
915 3569 1129 3638 divinandam.
1164 3567 1300 3635 Codices

176 3674 275 3753 enirn,
292 3675 367 3740 licet
381 3676 423 3741 ab
444 3700 509 3741 uno
526 3700 638 3742 omnes
653 3676 804 3767 profecti,
820 3694 916 3766 atque
933 3676 964 3741 in
982 3701 1107 3742 summa
1124 3699 1239 3766 parurn
1250 3674 1301 3741 di·

177 3780 271 3860 versi,
287 3783 435 3848 tamenin
449 3783 554 3872 parvis
568 3783 760 3872 quibusdam
775 3783 861 3849 haud
871 3806 946 3848 raro
958 3781 1125 3862 differunt,
1141 3783 1207 3848 sive
1222 3806 1299 3848 cou-

178 3906 267 3955 sueta
282 3889 421 3957 librariis
435 3891 619 3979 vulgaribus
638 3891 779 3976 levitate,
800 3891 866 3957 sive
884 3889 983 3955 nimia
994 3889 1158 3977 diligentia
1169 3889 1296 3957 doctio-

179 4021 251 4063 rum
261 3998 490 4087 quorumdam‚
510 3997 564 4086 qui
579 3997 732 4063 lectiones
751 3997 812 4063 sibi
829 4014 994 4087 suspectas
1009 3997 1181 4064 emendare
1195 3997 1301 4065 conati

178 4121 254 4171 sunt
267 4128 352 4170 nunc
367 4107 405 4169 ad
421 4104 657 4193 grammaticas,
678 4129 764 4171 nunc
781 4104 822 4170 ad
833 4103 1032 4192 theologicas
1046 4103 1203 4190 rationes3
1221 4128 1301 4194 quo-

181 4235 254 4277 rum
265 4212 404 4287 maxime
419 4211 599 4291 interventu
611 4213 683 4304 plus
698 4236 842 4278 mmusve
852 4211 959 4276 solerti
973 4209 1092 4277 factum
1108 4228 1169 4294 est,
1187 4226 1223 4276 ut
1233 4234 1304 4300 quoe

182 4340 267 4384 nunc
286 4318 438 4385 undecim
461 4336 587 4385 exstant
609 4322 801 4409 exemplaria
830 4335 934 4385 certas
954 4318 1107 4407 quasdam
1131 4318 1164 4384 in
1189 4317 1305 4385 classes

184 4425 336 4515 distingui
344 4427 480 4517 possint,
501 4429 532 4491 in
542 4443 607 4493 tres
616 4451 693 4494 vero
701 4425 874 4519 praecipue.
