3186 5310
212 468 215 475 Ι
234 381 306 430 xxtu
664 371 916 436 lN'l'llOllUCl'IO

235 519 329 587 minis
342 521 440 590 finem
452 523 628 593 addendas.
640 527 722 608 Quae
731 540 852 607 tamen,
861 542 896 591 ut
906 547 993 590 mere
1002 522 1193 614 theologica,
1206 518 1353 589 Bleekius

232 649 300 692 nou
315 628 443 696 videtur
456 631 593 698 multum
607 641 747 714 carasca,
761 633 862 722 magis
875 648 1039 721 permotus
1053 629 1103 695 his
1118 628 1276 710 versibus,
1295 650 1349 716 19,

232 757 304 827 sqq.
322 765 330 803 ι

323 845 457 912 Ρτωιιιὶα
473 846 530 915 sed
550 848 666 917 mentis
678 870 836 939 perversae
850 847 946 938 digna
963 845 1083 929 feretis,

322 951 458 1020 AEtemo
476 955 628 1044 qnoniam
640 978 780 1044 veroque
794 971 924 1021 auctore
937 953 1064 1036 relicto,

322 1059 380 1124 Cui
397 1060 505 1126 decuit
523 1062 633 1128 laudes
648 1078 681 1127 et
694 1079 818 1129 sanctas
831 1062 913 1127 ferre
926 1060 1146 1147 hecatombas,

321 1165 473 1232 Manibus
486 1167 617 1233 infernis
632 1166 750 1234 fecistis
764 1190 867 1250 sacra,
877 1183 940 1232 etc.
983 1213 986 1220 .
1052 1218 1056 1227 .

163 1271 166 1279 '
232 1269 325 1337 Unde
333 1272 508 1363 colligitvir
517 1275 630 1342 doctus
640 1299 705 1340 uon
713 1297 808 1365 posse
818 1273 1033 1339 Christianum
1041 1272 1152 1337 haberi
1161 1270 1348 1362 scriptorem

235 1378 291 1467 qui
299 1399 430 1447 cruenta
444 1382 650 1449 commendet
657 1381 822 1450 sacrificia.
835 1381 884 1447 Ad
892 1381 956 1446 hoc
970 1397 1076 1446 tamen
1088 1379 1139 1444 vel
1148 1379 1180 1445 id
1190 1401 1290 1445 unum
1299 1399 1350 1442 sa·

232 1485 274 1551 tis
292 1510 480 1577 responsum
496 1490 550 1570 sit,
570 1490 621 1555 his
632 1490 776 1556 versibus
787 1513 851 1554 non
864 1487 1082 1554 commendari
1095 1502 1226 1553 cruenta
1240 1506 1346 1568 sacra,

233 1591 291 1657 sed
302 1595 394 1684 queri
406 1597 630 1663 tantummodo
642 1614 771 1687 poetam
784 1596 873 1687 quod
886 1595 972 1662 falsis
985 1595 1181 1677 numinibus,
1193 1615 1259 1658 non
1272 1614 1349 1657 vero

235 1700 306 1766 Deo
330 1702 521 1770 offerantur.
543 1704 627 1770 Addi
648 1720 754 1794 potest
772 1703 883 1794 primis
906 1702 967 1768 illis
989 1700 1138 1769 Ecclesiae
1151 1699 1350 1790 temporibus

232 1808 446 1896 Christianos,
463 1813 660 1900 judaizantes
679 1812 847 1903 plerosque
869 1828 926 1878 aut
948 1835 986 1877 ex
1010 1810 1126 1876 ludaeis
1152 1824 1257 1891 ortos,
1282 1829 1349 1871 uon

233 1917 350 1983 eodem
370 1942 435 2009 quo
455 1943 515 1986 nos
538 1920 613 1986 odio
633 1942 722 1986 sacra
746 1919 814 2006 illa,
838 1919 895 1986 diu
910 1918 974 1984 suis
989 1916 1170 2009 praescripta
1188 1915 1347 2004 patribus,

235 2041 396 2090 aversatos
410 2026 530 2093 fuisse:
547 2025 604 2092 sed
619 2026 683 2092 hoc
697 2048 826 2116 quoque
842 2025 876 2091 in
891 2041 983 2091 notas
999 2023 1236 2090 reservandum.

491 2198 534 2263 V.
558 2201 605 2262 De
623 2197 696 2263 libri
712 2205 817 2263 octavi
829 2210 925 2286 parte
941 2195 1091 2264 secunda.

277 2348 426 2438 Sequitur
443 2349 494 2414 rel
513 2351 660 2439 proxime
683 2350 808 2415 accedit
833 2366 1016 2440 temporum
1041 2346 1153 2413 ordine
1174 2371 1249 2439 pars
1273 2347 1348 2414 libri

216 2502 218 2507 -
232 2454 348 2537 octavi,
360 2463 375 2536 5
388 2479 420 2519 a.
438 2457 518 2538 Quae
531 2455 660 2544 quidem
675 2455 845 2522 christiana
860 2474 946 2523 certe
960 2479 1025 2521 non
1036 2453 1229 2544 ambigetur,
1242 2455 1347 2545 ipsum

232 2559 351 2639 Christi
369 2584 487 2626 nomen
498 2563 567 2648 jam
582 2562 622 2627 ab
637 2561 728 2627 initio
744 2563 891 2629 carminis
906 2563 937 2626 in
952 2560 1164 2627 acrostichide
1178 2560 1344 2651 profitens,

233 2666 348 2732 deinde
361 2690 437 2733 vero
449 2667 490 2732 de
501 2667 618 2734 Christi
625 2671 725 2735 rebus
734 2686 802 2735 tota
816 2694 905 2762 paene
920 2671 1110 2759 conscripta.
1127 2670 1197 2735 Nec
1213 2669 1253 2735 de
1263 2670 1346 2735 anti-

232 2773 355 2864 quitate
379 2773 608 2858 dubitandum,
634 2776 709 2866 quia
728 2778 869 2844 lustinus
888 2777 972 2843 hanc
995 2777 1164 2844 manifesto
1185 2777 1218 2841 in
1242 2792 1349 2841 mente

233 2881 358 2963 habuit,
376 2882 510 2947 Cohors.
532 2883 572 2948 ad
587 2884 642 2950 Gr.
662 2883 745 2973 537,
765 2885 820 2951 ubi
835 2909 937 2975 graece
956 2885 1000 2949 ita
1015 2884 1157 2975 loquitur
1176 2907 1185 2949 ι
1209 2914 1223 2941 α
1244 2882 1349 2948 Facile

232 2987 326 3055 vobis
334 2988 395 3055 erit
403 2993 494 3078 justae
506 2990 667 3081 religionis
679 2990 859 3057 doctrinam
868 2993 909 3056 ab
920 2991 1049 3081 antiqua
1058 2989 1181 3056 discere
1189 2988 1320 3079 Sibylla,
1331 3019 1345 3045 ι·

232 3111 264 3160 et
279 3096 376 3185 paulo
390 3096 485 3180 infra,
500 3106 516 3179 5
530 3097 571 3162 38
590 3120 598 3162 2
619 3129 633 3158 a
649 3097 779 3164 Credite
792 3099 890 3164 veteri
911 3116 944 3163 et
962 3097 1054 3164 valde
1069 3098 1207 3186 antiquas
1219 3095 1349 3186 Sibyllas

232 3205 321 3288 cujus
333 3201 434 3268 libros
449 3203 605 3292 contingit
618 3203 652 3268 in
665 3204 745 3269 orbe
763 3219 917 3270 terrarum
930 3203 1078 3269 universo
1091 3201 1209 3268 servari
1225 3204 1349 3291 [aperte

230 3323 372 3375 nostram
395 3333 468 3374 cum
488 3310 668 3400 antiquiore
701 3310 871 3376 confundit
896 3310 944 3376 vir
971 3311 1125 3399 sanctusl,
1155 3333 1226 3395 ‚non
1250 3309 1349 3374 modo

231 3415 272 3481 de
297 3415 358 3481 diis
370 3416 415 3481 sic
428 3417 524 3507 vulgo
540 3417 645 3497 dictis,
662 3435 815 3508 tanquam
828 3418 914 3485 falsis
928 3418 1084 3510 planeque
1100 3419 1200 3496 vanis,
1218 3415 1352 3482 fatidico

231 3546 290 3589 vos
318 3522 470 3590 instinctu
499 3524 638 3610 docenti,
666 3524 722 3590 sed
749 3525 845 3591 etiam
872 3524 913 3591 de
946 3524 1117 3592 servatoris
1145 3526 1247 3589 nostri
1276 3525 1349 3590 lesu

232 3629 351 3697 Christi
368 3629 477 3696 futuro
494 3629 632 3697 adventu
646 3655 683 3697 ac
693 3631 734 3697 de
748 3632 898 3697 omnibus
912 3634 954 3698 ab
966 3634 1034 3724 ipso
1044 3627 1207 3723 patrandis
1216 3632 1300 3697 clare
1317 3646 1350 3695 et

231 3753 341 3827 aperte
366 3737 562 3805 vaticinanti.
598 3771 611 3796 »
643 3740 741 3822 Quod
768 3739 880 3805 lustini
908 3738 1127 3806 testimonium
1154 3739 1194 3804 ad
1225 3737 1348 3804 nullum

147 3877 149 3880 ·
231 3843 328 3909 alium
341 3867 438 3934 quam
452 3862 602 3911 octavum
615 3847 700 3912 hunc
712 3847 833 3913 librum
840 3847 955 3913 referri
967 3871 1059 3938 posse
1070 3847 1273 3914 manifestum
1286 3863 1347 3925 est,

232 3951 426 4042 quianullus
448 3952 540 4037 alius,
556 3970 673 4043 praeter
686 3953 862 4021 secuudum
874 3955 978 4021 multo
991 3958 1214 4034 recentiorem,
1231 3954 1271 4020 de
1285 3955 1348 4019 vita

231 4076 266 4125 et
280 4059 377 4148 gestis
390 4058 507 4125 Christi
524 4077 590 4126 tam
604 4061 722 4128 diserta
734 4086 830 4153 quam
843 4062 984 4129 lustinus
999 4064 1044 4129 ait
1057 4080 1187 4154 tamque
1203 4060 1349 4152 explicita

230 4164 412 4257 profitetur.
432 4167 480 4230 De
499 4166 718 4247 celeberrima,
733 4191 796 4258 qua
816 4168 869 4235 hic
889 4169 972 4235 liber
985 4169 1108 4261 incipit,
1123 4166 1348 4249 acrostichide,

230 4272 309 4338 nihil
327 4295 413 4337 nunc
431 4272 614 4354 dicendum,
638 4274 802 4366 quia'pars
820 4275 888 4341 haec
900 4276 1078 4364 argumenti
1098 4277 1200 4342 fusius
1216 4275 1250 4339 in
1266 4270 1351 4338 notis

227 4378 431 4447 tractabitur.
626 4387 629 4398 '
1232 4383 1236 4391 '
