3186 5310
459 394 738 456 SlBYLLlNORUM
751 392 823 453 LlB.
835 392 886 468 ΙΙΙ,
907 391 926 471 ξ
948 392 978 451 Ι.

247 528 311 594 Cur
324 545 444 593 temere
458 528 592 593 erratis?
606 526 726 610 Quidni
742 550 798 615 per
812 541 897 590 recta
911 523 1034 588 viarum

184 657 225 700 to
247 634 381 718 Vaditis,
397 635 505 701 aetemi
520 635 640 700 dociles
654 632 835 699 meminisse
849 630 1018 696 Parentis?

247 743 337 807 Unus
349 759 382 807 et
396 742 599 833 omnipotens
615 744 699 806 Dens
713 758 772 821 est,
789 739 842 829 qui
856 756 969 827 regnat
982 737 1016 802 in
1029 760 1103 803 arce

247 849 412 929 AEtberea,
430 850 470 914 de
484 874 518 914 se
533 848 670 938 genitus,
687 847 828 935 nullique
842 846 1013 928 videndus,

247 959 367 1021 Cuncta
381 956 510 1033 videns3
528 979 624 1045 quom
639 980 704 1019 non
719 978 794 1019 saxo
808 977 920 1019 manus
932 953 1009 1033 ulla,
1025 975 1086 1016 nec
1101 973 1178 1015 auro

244 1064 424 1152 Argentove
437 1063 607 1128 hominnm
620 1062 712 1126 finxit
725 1062 829 1143 labor,
845 1078 900 1126 aut
913 1059 1085 1149 elephanto
1104 1086 1111 1123 ι

183 1168 222 1236 ι5
246 1171 317 1260 Ipse
330 1171 388 1237 sed
401 1170 558 1239 immenso
574 1194 606 1235 se
621 1169 756 1260 protulit
768 1192 850 1234 unus
864 1169 906 1232 ab
921 1192 1003 1249 aevo,

144 1336 147 1341 .
243 1277 315 1367 Ipse
328 1296 388 1361 est,
404 1278 472 1369 ipse
487 1278 546 1342 suit
560 1301 698 1367 semper,
715 1299 905 1365 semperque
920 1275 1059 1341 futurus.

246 1385 362 1475 Ecquis
375 1384 462 1450 enim'
475 1384 575 1475 possit
589 1383 715 1448 mortali
730 1383 850 1448 lumine
864 1382 970 1448 visum

245 1490 342 1557 Ferre
356 1492 440 1558 Deir
454 1492 503 1556 vel
518 1491 589 1581 quis
603 1516 723 1556 nomen
736 1492 818 1555 ferat
831 1489 963 1556 auribus
978 1488 1083 1579 ipsum

242 1598 368 1664 AEterni
381 1599 551 1691 magnique
566 1599 625 1663 Dei
639 1599 859 1688 mundumque
873 1596 1038 1688 regentis?

178 1727 221 1770 ao
243 1705 359 1772 Omnia
373 1707 428 1797 qui
444 1708 529 1771 dieto
543 1706 629 1781 feeit,
641 1706 765 1788 eaelum,
781 1730 909 1794 aequora
924 1704 1030 1795 ponti,

245 1814 350 1880 Solem
364 1814 571 1893 indefessum,
589 1814 709 1892 lunam,
725 1812 895 1901 stellasque
911 1812 1079 1891 micantea,

246 1922 285 1984 Et
297 1938 427 2003 terram,
443 1944 552 1986 rerum
567 1943 714 2009 magnam
727 1919 927 2008 validamque
941 1922 1121 2009 parentem,

135 2084 138 2089 .
242 2027 359 2093 Fontes
372 2045 405 2093 et
419 2026 544 2109 lluvios,
560 2027 679 2115 ignem,
694 2043 881 2115 noctesque,
899 2025 1043 2114 diesque.

244 2136 317 2224 lpse
330 2135 427 2201 etiam
440 2135 532 2200 finxit
546 2135 694 2201 manibus
707 2149 992 2221 tetragrammaton
1009 2131 1123 2212 Adam,

181 2238 221 2306 25
245 2242 434 2330 Impositum
448 2228 551 2308 civem
566 2243 671 2322 terris,
688 2240 742 2329 qui
757 2240 887 2304 nomine
902 2240 971 2305 solo

244 2348 384 2415 Occasus
397 2369 552 2440 ortusque
566 2350 665 2414 refert
678 2349 874 2437 boreamque
887 2364 1079 2435 notumque.

243 2456 316 2545 Ipse
330 2457 468 2523 bominis
480 2458 603 2523 vultum
618 2472 650 2521 et
662 2455 801 2544 speciem
819 2453 969 2520 formavit
980 2454 1160 2534 honestam,

243 2563 316 2652 Ipse
330 2564 413 2629 feras
428 2565 515 2646 fecit,
531 2581 696 2654 serpentes
709 2580 806 2652 atque
820 2562 978 2627 volucres.

244 2670 349 2753 Quem
364 2696 418 2736 vos
432 2697 497 2736 non
511 2671 627 2749 colitis,
643 2669 712 2749 scd,
728 2692 828 2760 pravo
843 2692 951 2734 errore
967 2667 1103 2750 subacti,

179 2773 221 2839 30
243 2776 371 2843 Felibus
385 2795 417 2843 et
431 2778 571 2845 colubris
585 2776 708 2841 offertis
723 2775 828 2841 inania
843 2800 945 2861 sacra,

242 2886 308 2950 Aut
320 2885 408 2950 vanis
424 2884 591 2951 hominum
608 2884 704 2972 signis
722 2884 762 2949 de
779 2908 940 2949 marmore
955 2884 1049 2967 fietis,

241 2996 323 3058 Ante
337 2993 420 3057 aedes
435 2993 528 3082 proni
543 3014 669 3071 vacuas,
686 2990 754 3055 sine
768 2991 899 3056 numine
914 2993 1048 3082 templa.

243 3097 295 3163 Sic
308 3123 365 3165 vos
379 3099 498 3189 quippe
512 3102 618 3165 Deum
630 3098 850 3162 moderantem
867 3116 980 3164 cuneta
998 3098 1147 3179 manetis,

242 3204 425 3272 Gaudentes
439 3206 581 3295 lapidum
596 3203 782 3294 opprobrio,
793 3228 851 3268 uec
865 3205 976 3269 adesse
985 3222 1135 3295 putantes

178 3308 218 3376 35
242 3310 349 3397 illum,
366 3313 420 3404 qui
436 3314 540 3377 veniet
551 3311 650 3397 judex
665 3325 812 3392 aeternus,
829 3328 862 3375 et
876 3311 961 3375 idem

242 3421 404 3502 Servator,
421 3420 532 3486 oaelum
548 3418 602 3507 qui
618 3417 826 3506 telluremque
842 3418 974 3485 creavit.

242 3528 334 3593 Heu!
356 3528 439 3593 mala
459 3551 536 3615 gens
559 3524 739 3603 bominum,
754 3548 832 3612 gens
852 3526 962 3616 impia,
983 3528 1083 3610 vafra,
1107 3526 1274 3617 bilinguis,

241 3634 411 3724 Sanguine,
427 3633 602 3713 adulteriis,
619 3647 651 3696 et
664 3631 751 3697 cultu
767 3631 836 3697 laeta
850 3634 1009 3718 nefando,

153 3861 263 3930 plerique
271 3863 342 3914 codd.
356 3872 384 3913 ut
398 3878 450 3922 nos,
464 3862 643 3927 τύπονμορςιὴν
654 3878 698 3925 με·
728 3870 838 3924 struem,
855 3863 920 3928 quod
934 3863 1049 3912 mendum
1069 3861 1095 3911 in
1110 3859 1198 3912 nostris
1220 3876 1278 3912 car·

154 3938 238 4005 ptum
253 3956 294 3995 τι,
307 3954 394 4005 nempe
408 3955 453 4005 pro
467 3937 544 3987 τύπον
557 3939 653 4002 μορφήν
672 3955 698 3989 τι
729 3936 835 3988 minibus
846 3954 908 4004 sape
922 3937 1097 4005 deprehendas.

154 4014 286 4081 μερόπων,
300 4014 432 4065 insolenter
450 4029 506 4062 sane
520 4022 544 4062 et
558 4014 630 4079 plano
645 4012 698 4063 iue-
764 4016 804 4063 31.
824 4013 862 4063 An
877 4015 982 4073 ἀλάλοις,
996 4024 1024 4063 ut
1037 4013 1078 4071 tv,
1096 4017 1128 4064 t?

151 4088 404 4156 legantertrajeetott
416 4088 698 4146 inversuslinem,unde
764 4092 803 4139 ³3.
824 4088 873 4138 Cir.
890 4088 992 4139 Prooem.
1012 4093 1050 4139 15.
1072 4089 1115 4139 Est
1133 4097 1215 4138 autem
1230 4105 1282 4147 τη-

153 4163 219 4215 (lut.
249 4167 363 4232 μιρὸπων
387 4167 482 4232 μορφήν
514 4182 541 4214 τε
568 4166 644 4214 τύπον
671 4182 698 4214 τι
731 4163 1276 4230 ρεῖτε,ιιιιιιιεῑίι,ειιρεεῑιῑίιι,ιίοιιῑῐειο,

152 4239 270 4308 scriptum
281 4242 391 4292 voluerat
407 4259 411 4289 :
427 4241 468 4289 sed
483 4240 542 4305 quid
557 4240 637 4290 certi?
651 4240 701 4290 Po·
732 4240 807 4290 κακοὶ
822 4241 950 4299 κακότητα
966 4241 1088 4305 μένοντες,
1104 4240 1133 4299 V,
1153 4244 1192 4290 ts.

154 4314 202 4366 tuit
221 4317 286 4367 enim
311 4316 456 4383 compilator
480 4315 545 4365 bunc
569 4333 665 4365 versum
687 4333 701 4365 e
768 4319 808 4366 at.
828 4316 889 4367 llalc
899 4332 942 4365 nos
954 4315 1012 4365 olim
1021 4317 1147 4375 κοιλότητι.
1163 4314 1205 4364 Est
1214 4313 1280 4364 enim

151 4388 272 4442 proemio
293 4402 427 4442 retractans
442 4390 494 4454 (ubi
515 4390 586 4440 aliter
606 4392 703 4441 videtur
735 4408 779 4457 pro
792 4394 879 4447 κακοῖς
887 4394 969 4449 λίθοις,
981 4414 993 4436 «ι
1004 4391 1084 4458 impiis
1095 4408 1108 4441 e
1119 4391 1200 4458 lapide
1211 4389 1284 4440 rimu·

151 4466 229 4518 lectus
249 4484 264 4518 ι
284 4464 410 4517 Lactantio
430 4466 520 4516 luisse:
537 4467 581 4515 cir.
599 4476 649 4515 not.
672 4467 703 4516 ad
737 4467 809 4516 larris
823 4489 845 4526 »,
861 4467 935 4532 ligura
950 4467 1011 4518 bene
1024 4477 1091 4518 nota.

153 4538 331 4610 Fragm.'ll)‚
362 4543 474 4608 copulam
507 4559 533 4591 τι
560 4542 621 4590 male
644 4558 704 4589 cou-
773 4542 1211 4608 at,sqq.ctr.v111,tat;1,tt5,
1231 4558 1285 4609 sqq.
