3186 5310
540 427 823 492 stBttttnnuUn
844 429 916 491 tin.
939 430 1015 493 xlv.
1286 427 1346 488 319

315 559 444 643 Medos,
460 560 714 653 Germanosque,
730 580 762 627 et
775 562 968 652 Bosporidas
981 562 1196 652 Agathyrsos3

231 664 291 754 175
316 665 475 751 Britonas,
492 668 667 752 Hibernos,
683 670 887 759 pharetratos
900 686 1021 734 sternet
1035 672 1159 747 Iberos,

316 773 576 862 Massagetasque
591 775 667 839 dolo
683 793 838 857 assuetos,
853 777 1029 865 Persasque
1043 775 1180 842 feroces.

316 879 407 944 Idem
423 896 500 945 tunc
515 881 613 945 urbes
627 884 813 948 Graecorum
828 882 943 946 inviset
956 900 989 947 et
1002 906 1113 971 agros,

316 984 374 1049 Vir
389 1009 537 1075 magnus,
551 1004 683 1076 portans
696 988 834 1077 Scythiae
848 1005 879 1051 et
891 988 964 1070 tibi,
980 991 1134 1069 Caucase,
1152 987 1287 1054 bellum.

316 1091 412 1180 Signa
427 1111 534 1157 autern
548 1112 701 1180 regnante
716 1093 786 1183 ipso
799 1094 967 1158 manifesta
980 1094 1164 1159 dabuntur:

232 1198 293 1262 180
319 1198 447 1264 Caelitus
461 1199 502 1264 ad
514 1199 719 1288 mediumque
732 1198 817 1264 diem
832 1217 1020 1290 septemque
1036 1201 1157 1266 triones

317 1305 436 1370 Lucida
450 1322 599 1371 cernetur
612 1305 712 1370 stellis
727 1306 840 1370 ardere
858 1331 991 1373 corona.

315 1411 488 1499 Regnabit,
504 1428 643 1500 natoque
656 1437 727 1494 suo,
743 1435 841 1501 quem
854 1413 955 1500 prima
972 1413 1111 1494 notabit,

317 1517 435 1601 Litera,
451 1519 516 1583 vim
530 1519 633 1584 tradet
646 1520 796 1608 patriam,
812 1543 924 1609 quum,
941 1543 1073 1584 munere
1088 1519 1161 1584 vitae

318 1626 510 1708 Defunctns,
526 1626 645 1716 stygias
658 1626 831 1691 descendet
843 1626 948 1691 clarus
961 1625 1003 1691 ad
1018 1627 1161 1692 umbras.

235 1729 294 1796 185
364 1731 447 1796 Hinc
461 1731 516 1796 nbi
536 1736 697 1797 Romanas
712 1757 801 1798 arces
812 1757 891 1822 puer
906 1731 958 1797 ille
972 1732 1096 1798 tenebit

321 1838 427 1919 Quem
441 1828 518 1903 nota
534 1839 676 1927 designat
692 1839 852 1928 princeps,
865 1863 928 1927 pax
942 1862 1037 1904 aurea
1052 1838 1176 1903 mundo

319 1943 448 2008 Fundet
461 1967 541 2034 opes
556 1967 564 2010 ε
581 1945 642 2009 crit
656 1945 709 2010 hic
723 1946 820 2010 Latiar
833 1969 905 2034 spes
917 1945 1055 2009 maxima
1068 1943 1184 2033 gentis,

322 2051 463 2114 Ornatus
484 2050 622 2140 propriis
635 2050 808 2117 virtutibus
821 2068 918 2140 atque
931 2050 1086 2141 paternis,

322 2157 462 2246 Huncet
479 2156 520 2221 ad
535 2181 667 2222 occasus
684 2174 911 2247 properantem
923 2175 956 2222 et
967 2156 1043 2222 solis
1058 2157 1100 2222 ad
1115 2173 1206 2223 ortus

240 2285 300 2350 ¹90
323 2262 461 2328 Romani
478 2261 615 2328 retinere
629 2262 750 2346 volent,
768 2263 915 2351 intraque
928 2280 1061 2352 penates

324 2369 505 2433 Servabnnt
517 2391 618 2456 reguo
632 2367 826 2434 incolumem
842 2397 850 2434 ι
868 2368 1043 2434 concordia
1056 2384 1144 2434 tauta

322 2473 452 2539 Civibus
467 2491 499 2538 et
512 2474 612 2539 sancti
623 2491 711 2538 tanta
727 2491 775 2541 est
788 2474 965 2540 reverentia
979 2474 1074 2565 regis.

324 2582 381 2644 Ast
394 2580 500 2669 ipsum
516 2580 634 2645 sensim
651 2581 814 2670 obrepens
824 2581 1041 2646 crescentibus
1055 2580 1145 2646 annis

325 2687 416 2751 Mors
429 2686 546 2774 rapiet,
561 2685 667 2750 brevis
680 2687 760 2750 heu!
781 2687 970 2752 defunctum
981 2710 1113 2752 munere
1125 2687 1209 2754 vitae.

241 2791 302 2880 195
371 2795 450 2857 Post
464 2791 517 2856 alii
530 2791 660 2857 venient
672 2793 836 2857 metuendi
850 2793 989 2858 fortibus
1008 2793 1124 2877 armis,

324 2900 438 2963 Mutua
450 2898 506 2987 qui
523 2914 649 2964 vertent
662 2898 783 2964 validas
796 2899 830 2963 in
840 2900 952 2964 funera
965 2899 1105 2964 dextras.

325 3006 399 3070 Non
412 3004 458 3070 illi
472 3027 575 3093 reges,
592 3004 757 3069 sederunt
772 3005 840 3069 sine
852 3028 942 3069 more
958 3004 1107 3095 tyranni,

327 3111 391 3195 Qui
408 3111 493 3175 mala
509 3109 660 3197 subjectis
675 3109 820 3199 indigent
831 3111 969 3199 plurima
984 3109 1091 3192 terris,

326 3221 482 3283 Romanae
496 3216 642 3305 inprimis
654 3215 755 3305 genti,
774 3216 853 3281 dnm
864 3215 978 3281 tertius
992 3215 1076 3280 adsit

238 3350 303 3392 aoo
327 3324 445 3390 Missus
460 3324 500 3388 ab
517 3324 659 3412 AEgypto
674 3324 848 3412 Dionysus,
862 3324 974 3387 Martis
988 3322 1022 3387 in
1036 3320 1146 3404 armis,

327 3433 449 3496 Omnes
461 3453 558 3519 quem
577 3430 652 3494 ficto
666 3429 845 3519 Dionysum
857 3429 988 3493 nomine
1002 3428 1123 3494 dicent.

371 3539 430 3601 Ast
442 3535 499 3600 ubi
518 3536 658 3601 crudelis
672 3536 723 3600 leo
739 3534 942 3624 crudelisque
962 3534 1062 3599 leaena

327 3642 480 3709 Scindent
493 3640 592 3731 regali
605 3641 782 3730 fulgentem
797 3641 918 3706 murice
932 3658 1068 3725 vestem,

327 3753 472 3837 Cumque
486 3747 555 3837 ipsa
571 3747 730 3837 discerpta
742 3747 873 3811 trahent
886 3747 1062 3836 praecordia
1079 3747 1178 3837 pelle,

241 4001 285 4051 bat
295 3999 351 4050 nai.
361 3997 501 4062 πανομοίου
510 3997 664 4052 &esthamoe
677 4014 683 4045 :
698 3997 740 4046 sed
749 4005 786 4047 est
856 3997 912 4047 188.
932 3994 1010 4046 Godd.
1025 4012 1052 4045 τε
1063 4010 1114 4046 uon
1124 3994 1227 4046 babent.

241 4074 286 4126 bic
294 4073 464 4140 subjunctivus
471 4089 517 4139 pro
524 4070 617 4122 futuro.
856 4075 911 4122 192.
931 4071 1006 4121 Codd.
1021 4072 1179 4135 ἅγακλὺτοιο.

275 4153 332 4201 182.
350 4149 427 4199 Codd.
444 4149 565 4199 καίποτε.
857 4151 913 4199 181.
931 4146 1009 4198 Codd.
1024 4148 1153 4212 προδοθείς
1167 4162 1174 4197 :
1190 4163 1235 4198 uos
1249 4164 1315 4201 corr.

276 4229 331 4277 183.
349 4226 426 4281 Codd.
437 4223 577 4291 ἀρχομένου
588 4221 651 4288 γάρ·
666 4223 735 4282 ἐπήν.
857 4227 914 4273 198.
932 4222 981 4272 etr.
997 4238 1080 4288 supra,
1098 4224 1154 4272 151.

276 4306 332 4352 185.
352 4301 427 4350 eona.
448 4299 505 4366 ἄχρι
525 4315 569 4365 pro
582 4297 663 4363 ἄρχῃ,
684 4297 750 4363 qnod
764 4306 789 4348 et
859 4301 915 4348 187.
934 4297 994 4347 Cod.
1008 4313 1071 4347 unus
1084 4299 1204 4362 βασίλεια.
1218 4297 1309 4348 Deinde
1317 4315 1371 4349 om·

239 4377 300 4428 olim
312 4376 413 4426 librario
421 4375 573 4425 accideratin
582 4373 713 4429 Prooemio.
726 4377 748 4423 1.
823 4389 866 4421 nes
875 4372 1019 4437 ἀνακτόρων
1030 4388 1036 4423 ;
1047 4388 1111 4423 corr.
1123 4373 1180 4422 itai.
1191 4372 1242 4423 ctr.
1254 4373 1299 4437 xl,
1310 4378 1368 4427 162.

277 4455 333 4503 188.
353 4451 428 4501 Codd.
440 4451 544 4516 βασιλεῖς
553 4449 628 4508 itai&
637 4449 738 4514 πατρὸς,
747 4448 790 4499 ubi
857 4450 916 4498 204.
935 4446 1036 4498 Videtur
1049 4448 1212 4514 supplendum
1228 4448 1300 4501 initio
1314 4452 1370 4509 rei.

240 4527 298 4582 int.
314 4526 460 4593 trisemo<
469 4527 585 4594 reposuit.
823 4524 861 4573 vel
876 4523 1003 4590 legendum
1017 4524 1221 4590 συμμάρψαντιι
