3186 5310
489 413 771 479 stariutvonuu
791 414 866 477 ns.
888 413 965 489 vru,
980 409 1032 492 §a
1048 407 1139 492 (1111).
1312 406 1369 470 aas

739 652 766 706 tl*
848 648 874 704 t<

336 833 1340 904 JESUS.CHRISTUS.DEI.FILIUS.SALUS.IN.CRUCE.

335 969 351 1030 J
390 967 487 1034 udioii
502 968 643 1059 signum,
658 969 752 1035 tellus
767 968 884 1035 sudore
897 969 1077 1050 madescet,

336 1075 363 1139 E
391 1098 453 1164 que
468 1076 545 1166 polo
559 1101 616 1142 rex
630 1076 777 1142 adveniet
792 1101 850 1167 per
867 1077 959 1143 saecla
976 1076 1114 1160 futurus,

336 1180 357 1245 S
390 1180 496 1247 cilicet
514 1198 550 1247 ut
566 1206 696 1250 carnem
710 1207 863 1274 praesens,
882 1201 918 1248 ut
927 1181 1050 1269 judicet
1063 1184 1176 1248 orbem
1183 1233 1193 1264 ,

247 1312 311 1356 sao
335 1291 365 1353 U
390 1290 454 1355 nde
468 1292 572 1357 Deum
590 1309 722 1357 cernent
736 1292 920 1358 incredulus
935 1308 1029 1381 atque
1047 1291 1150 1358 fidelis
1238 1346 1252 1361 ,2

335 1398 356 1463 S
389 1397 557 1483 ublimem,
578 1400 695 1464 sanctis
714 1399 867 1479 medium,
882 1402 949 1487 jam
965 1398 1029 1463 line
1042 1399 1101 1464 sub
1119 1399 1201 1488 ipso,

334 1507 359 1570 C
392 1530 607 1598 orporeorum
622 1505 736 1572 animis
752 1507 922 1573 hominum
933 1509 1005 1594 jura
1019 1505 1128 1571 ultima
1144 1505 1285 1590 dantem,

332 1615 364 1711 ll
388 1614 513 1685 orrebit
530 1639 631 1706 quum
645 1631 730 1680 terra
748 1615 811 1680 situ
828 1631 861 1679 et
879 1613 984 1704 vepris
1006 1637 1118 1703 aspera
1134 1613 1199 1678 fiet.

329 1719 361 1785 R
390 1721 516 1808 ejicient
528 1721 698 1788 simulacra
712 1720 773 1788 viri
786 1744 943 1812 gazasque
956 1722 1120 1812 profanas.

246 1828 309 1893 225
335 1830 351 1894 1
389 1828 531 1894 ncendet
547 1844 648 1895 terras
665 1828 747 1918 ignis
760 1845 960 1919 pontumque
972 1829 1167 1919 polumque,

333 1937 354 2002 S
389 1939 486 2003 ubtus
497 1937 559 2003 iter
570 1938 716 2024 rimatus,
730 1955 764 2003 et
778 1938 854 2003 Orci
872 1939 1009 2004 claustra
1029 1936 1186 2002 recludet.

332 2044 360 2109 T
387 2068 443 2110 um
458 2068 534 2111 caro
548 2061 735 2112 sanctorum
747 2069 781 2112 se
796 2044 897 2111 libera
912 2044 1007 2110 tollet
1024 2043 1065 2109 ad
1082 2067 1196 2111 auras:

330 2155 361 2219 U
387 2155 454 2221 ltor
466 2155 501 2220 in
515 2172 671 2221 aeternum
684 2170 793 2221 sontes
805 2170 883 2220 tuno
895 2168 1007 2241 arguet
1023 2150 1117 2241 ignis,

330 2262 351 2327 S
385 2261 396 2327 i
410 2262 488 2352 quid
502 2262 535 2328 in
551 2263 679 2328 occulto
690 2261 794 2352 oulpae
809 2262 899 2341 latet,
918 2283 1014 2325 omne
1028 2257 1173 2323 revelans

243 2368 307 2435 230
331 2371 360 2434 D
385 2370 530 2456 elictum,
550 2387 583 2436 et
594 2371 743 2436 tenebras
759 2369 941 2434 animorum
957 2367 1028 2433 luce
1042 2365 1217 2431 resolvens.

330 2479 357 2543 E
384 2502 444 2569 rgo
460 2502 572 2544 omnes
584 2477 709 2545 flebunt
725 2477 954 2568 nequicquam,
966 2491 999 2540 et
1011 2473 1161 2540 dentibus
1173 2493 1285 2538 omnes

328 2586 344 2649 1
384 2585 566 2653 nfrendent.
583 2586 640 2652 Sol
655 2584 800 2662 deficiet;
817 2607 877 2650 nec
889 2583 976 2668 luna,
990 2604 1051 2647 nec
1062 2581 1135 2648 uttae

327 2694 352 2758 F
381 2693 538 2782 algebunt
556 2693 667 2780 stellae,
686 2710 782 2784 atque
794 2693 906 2784 ingens
919 2691 1130 2782 replicabitur
1143 2689 1252 2756 aether.

326 2801 341 2864 l
382 2823 449 2866 mas
462 2801 589 2869 attollet
600 2802 714 2879 valles3
731 2806 810 2890 juga
822 2799 983 2891 deprimet
996 2799 1080 2866 alta:

237 3001 275 3053 vel
283 3001 380 3067 similia,
391 3021 437 3056 nec
450 3004 559 3068 dubiam,
576 3005 648 3083 nobis
657 3003 757 3073 quidem
766 3003 901 3071 judicibus,
914 3003 1084 3071 cognationem
1093 3000 1365 3071 cumtroeniosuyl·

234 3087 296 3149 lino,
314 3088 354 3140 eui
372 3088 472 3141 fortasse
489 3089 683 3157 olim'adjuncta
707 3089 762 3140 tuit.
775 3087 830 3139 etr.
852 3088 913 3139 Eae.
940 3098 1018 3139 nostr.
1035 3088 1064 3149 V,
1080 3105 1134 3155 cap.
1152 3091 1176 3138 4.
1193 3090 1294 3149 -211,
1307 3103 1361 3155 sqq.

235 3175 384 3228 Acrostichis
396 3177 535 3246 [precipuo
549 3178 604 3228 loco
618 3177 645 3227 in
657 3174 924 3248 Sibyllinisuhsbcnda]
935 3175 965 3226 de
970 3175 1064 3242 judicio
1080 3191 1203 3244 supremo.
1214 3203 1245 3213 -

238 3329 410 3382 neusisveranr
422 3330 554 3383 lectionem
568 3331 683 3392 reddidit,
692 3331 719 3382 in
731 3347 781 3398 qua
815 3340 939 3392 temerat,
949 3333 1009 3392 224,
1024 3345 1106 3397 neque
1121 3327 1253 3381 verisimile
1263 3339 1299 3383 est
1312 3339 1363 3384 um

233 3407 311 3473 sepivit
325 3417 362 3458 est
378 3407 498 3476 Sibyllina
513 3408 611 3459 licentia
628 3425 673 3476 pro
687 3409 780 3475 κρινεῖ,
815 3406 865 3458 cito
875 3407 991 3458 iteratum
998 3405 1080 3456 fuisse.

232 3482 279 3534 etsi
291 3482 335 3534 lib.
348 3482 392 3544 111,
408 3487 467 3546 tet,
478 3495 563 3536 contra
576 3494 691 3550 metrum,
703 3487 782 3553 κρινεῖ
848 3487 908 3536 231.
928 3483 1014 3534 Euseb.
1029 3481 1099 3533 ἔσται
1111 3497 1157 3549 pro
1167 3483 1229 3544 ἥξει.

232 3557 330 3626 pqim
371 3564 372 3568 =
848 3561 907 3609 232.
927 3557 1004 3608 Codd.
1015 3556 1137 3624 plerique,
1149 3557 1292 3622 ἐκλείψειδὶ
1301 3559 1365 3625 φάος
1462 3540 1471 3557 ’

267 3637 326 3688 224.
337 3651 376 3703 sq.
391 3635 457 3688 citat
468 3636 514 3688 hos
524 3638 573 3687 duo
582 3652 665 3687 versus
676 3637 781 3688 Laetan-
815 3635 986 3695 σίλαςήελίοιο
994 3633 1037 3684 καὶ
1045 3632 1144 3700 ἄστρων
1158 3652 1164 3684 :
1175 3633 1281 3685 sednovi
1289 3635 1361 3687 codd.

232 3711 291 3776 tius,
309 3712 371 3781 Vll,
384 3730 440 3781 cap.
459 3718 488 3774 3,
503 3716 545 3765 sed
558 3724 737 3781 nontanquam
750 3732 780 3765 ex
814 3727 870 3760 cunr
884 3709 988 3760 Eusebio
1001 3726 1100 3778 prorsus
1117 3710 1363 3779 1111101.Ε111111χο·

231 3789 516 3851 11101111ὴί31,101111111
529 3791 679 3841 memoriter.
814 3788 877 3852 peior
890 3785 1019 3852 Augustini
1027 3784 1137 3837 versione
1145 3785 1273 3838 firmatur:
1285 3808 1298 3833 ι
1308 3788 1363 3838 Eri·

266 3867 325 3918 225,
345 3865 391 3916 ffic
411 3882 493 3917 mm,
510 3868 681 3934 antiquitatem
698 3866 779 3917 firmat
813 3882 827 3908 a
837 3861 904 3929 pitur
917 3861 974 3911 solis
988 3861 1061 3928 jubar
1079 3869 1104 3910 et
1117 3861 1205 3912 chorus
1220 3861 1307 3914 interit
1325 3879 1364 3914 as·

232 3939 304 4006 hujus
317 3941 485 3993 acmstiehidis
497 3943 529 3993 ob
542 3953 648 3994 veterem
657 3943 781 4008 orthogra-
813 3958 826 3983 s
837 3937 915 3990 1111.»
931 3937 982 3989 Gir.
996 3937 1095 4004 ἄστρων
1108 3937 1201 4004 χόρος,
1219 3937 1284 3991 infra
1298 3937 1369 4003 451,Ι

233 4015 318 4084 phium
330 4017 436 4068 nominis
447 4022 605 4070 ΧΡΕΙΣΤΟΣ
624 4037 629 4068 :
644 4018 699 4068 vide
713 4028 764 4069 not.
813 4021 870 4081 etl,
886 4024 942 4072 140.

267 4093 325 4143 223.
346 4093 383 4143 td
397 4093 495 4160 ῑχνεῦον
515 4094 613 4162 respicit
630 4096 707 4146 Julius
727 4095 780 4144 Fir·
847 4100 906 4149 233.
925 4097 962 4147 Ex
978 4096 1080 4164 Apocel.
1102 4112 1156 4165 etp.
1181 4102 1210 4159 6,
1231 4114 1255 4152 v.
1276 4102 1320 4161 14,
1338 4109 1364 4154 et

232 4166 311 4218 uniens
324 4169 355 4219 de
367 4168 416 4220 hoe
430 4171 516 4221 eodem
529 4181 651 4222 terrarum
666 4171 780 4221 incendio
813 4172 885 4232 lsaia,
899 4191 954 4241 cap.
967 4175 1008 4232 34,
1022 4189 1047 4223 v.
1063 4175 1086 4223 1.
1102 4173 1152 4225 cfr.
1172 4173 1252 4238 infra,
1266 4178 1326 4244 413,
1339 4186 1365 4229 et

233 4242 411 4311 scribonem.
428 4249 495 4297 tat:
510 4270 521 4291 ι
533 4246 597 4313 lgnis
607 4247 781 4298 istescrutatur
814 4248 878 4300 libro
892 4249 934 4309 111,
950 4251 1008 4301 tta.

236 4318 356 4380 subdita,
369 4321 456 4386 querit
468 4321 593 4373 absconsa.
606 4345 617 4366 ι
847 4329 910 4385 234,
926 4341 978 4391 sqq.
1002 4323 1039 4374 Ex
1059 4325 1134 4386 Luca,
1150 4324 1241 4394 Evang.
1261 4343 1315 4395 cap·
1333 4331 1362 4389 3,

268 4394 326 4446 221.
345 4395 424 4446 Godd.
440 4398 549 4465 plerique
567 4399 664 4466 βροτῶν
679 4414 723 4465 pro
740 4414 780 4447 vs·
815 4416 838 4450 v.
855 4403 880 4466 3,
893 4410 918 4450 et
933 4401 1004 4459 lsaia,
1019 4415 1074 4468 cap.
1090 4404 1135 4460 40,
1147 4418 1171 4450 v.
1186 4406 1210 4453 3.
1226 4401 1277 4457 ctr.
1288 4402 1363 4454 etiam

234 4471 313 4537 11ρῦ1,
325 4472 393 4538 quod
401 4471 428 4521 in
438 4475 525 4524 ceteris
541 4484 565 4526 et
576 4475 642 4543 apud
653 4473 782 4525 Eusebium
815 4476 884 4527 Lact.
895 4476 1011 4543 Vll,eap.
1026 4479 1065 4536 13,
1074 4475 1118 4526 ubi
1127 4476 1217 4544 legitur
1228 4497 1235 4531 ι
1247 4501 1260 4526 ι
1270 4478 1365 4531 lantes

234 4545 333 4615 legitur.
350 4546 450 4601 Ateuim
471 4551 557 4616 βροτοί
568 4551 642 4619 paulo
657 4559 714 4602 ante
733 4550 783 4603 lee-
818 4574 829 4601 ιι
838 4552 949 4606 altissimi
960 4551 1088 4616 decidant,
1097 4561 1144 4604 etc.
1156 4575 1169 4602 s
