3186 5310
321 423 361 484 90
650 423 911 486 ΣΙΒΥΛΛΙΑΚΩΝ
931 425 1056 486 ΛΟΓΟΣ
1076 424 1109 486 Γ.

429 558 520 637 ἀλλά
539 599 589 664 μιν
610 570 744 663 οὐράνιος
761 574 838 653 Θεὸς
857 580 890 642 ἐκ
908 574 1001 658 βυθοῦ
1019 565 1213 651 ἐξαλαπάξει.

327 675 388 767 175
486 679 592 770 Αὐτὰρ
615 681 706 747 ἔπειτ’
727 677 821 759 ἄλλης
843 673 1021 767 βασιληίδος
1037 681 1157 748 ἔσσεται
1176 678 1269 771 ἀρχή,

430 789 530 861 Λευκὴ
549 788 600 854 καὶ
618 790 817 879 πολύκρανος,
838 789 892 879 ἀρ’
911 789 1049 881 ἐσπερίου
1070 814 1104 854 τε
1124 787 1291 872 θαλάσσης,

431 871 459 959 β
475 901 590 972 πολλῆς
605 897 692 990 γαίης
708 890 801 990 ἀρξει,
816 896 947 974 πολλοὺς
963 885 998 962 δὲ
1013 897 1161 981 σαλεύσει,

430 1000 493 1067 Καὶ
510 1006 586 1069 ποῖοι
607 1006 761 1090 βασιλεῦσι
776 999 869 1096 φόβον
884 1004 1049 1095 μετόπισθε
1070 1005 1207 1076 ποιησει·

431 1106 554 1176 Πολλὸν
573 1101 603 1176 δ’
624 1106 662 1183 αὖ
679 1113 791 1203 χρυσόν
805 1108 838 1177 τε
857 1110 908 1177 καὶ
923 1105 1052 1206 ἄργυρον
1072 1103 1255 1188 ἐξαλαπάξει

300 1282 305 1299 ,
328 1214 389 1280 εθο
429 1200 475 1282 Ex
489 1218 604 1284 πολεων
621 1224 762 1286 πολλῶν·
782 1217 858 1286 πάλι
877 1210 907 1284 δ’
927 1216 1047 1286 ἔσσεται
1070 1221 1099 1284 ἐν
1117 1217 1203 1310 χθονὶ
1225 1209 1279 1308 δίᾳ

429 1325 575 1415 Χρυσίον,
590 1322 687 1417 αὐτὰρ
704 1327 811 1394 ἔπειτα
828 1326 879 1393 καὶ
895 1322 1036 1420 ἀργυρος,
1054 1316 1112 1400 ἠδέ
1131 1351 1164 1391 τε
1187 1323 1319 1417 κόσμος·

430 1425 493 1497 Καὶ
512 1429 652 1519 θλίβουσι
672 1436 815 1523 βροτούς·
835 1430 915 1524 μετὰ
934 1424 963 1498 δ’
978 1435 1100 1499 ἔσσεται
1119 1423 1248 1525 ἀνδράσι
1265 1429 1372 1510 κείνοις

429 1539 590 1630 Πτώμαθ,
609 1542 682 1606 όταν
706 1533 832 1631 ἀρξωνθ
852 1539 1055 1632 ὑπερηρανίης
1079 1529 1209 1607 ἀδίκοιο.

428 1645 551 1711 Αὐτίκα
570 1639 599 1712 δ’
612 1650 641 1714 ἐν
658 1649 779 1724 τούτοις
800 1643 936 1724 ἀσεβείας
955 1648 1053 1713 ἔσσετ’
1069 1646 1198 1740 ἀνάγκη,

327 1753 387 1819 185
429 1733 533 1842 Ᾰρσην
550 1744 579 1818 δ’
599 1750 700 1843 ἀρσενι
719 1752 891 1838 πλησιάσει,
914 1753 1061 1828 σπη’σουσί
1078 1779 1111 1821 τε
1132 1745 1247 1830 παῖδας

429 1857 575 1950 Αίσχροῖς
594 1865 624 1928 ἐν
642 1861 792 1953 τεγόεσσι,
807 1859 858 1926 καὶ
877 1861 996 1927 ἔσσεται
1014 1861 1111 1952 ἥμασι
1130 1862 1236 1938 κείνοις

431 1962 542 2055 Θλίψις
557 1969 586 2032 ἐν
604 1967 772 2059 ἀνθρώποις
788 1969 920 2059 μεγάλη,
935 1969 986 2034 καὶ
1005 1967 1110 2034 πάντα
1132 1962 1266 2058 ταράξει,

430 2072 542 2141 Πάντα
557 2065 591 2141 δὲ
606 2071 764 2166 συγκόψει,
778 2075 831 2140 καὶ
849 2074 953 2142 πάντα
970 2082 1071 2140 κακῶν
1089 2074 1268 2157 ἀναπλήσει,
1320 2113 1325 2134 ι

427 2175 604 2273 Αίσχροόίῳ
619 2181 878 2274 φιλοχρημοσύνη,
897 2173 1077 2272 κακοκερδεῖ
1095 2183 1230 2267 πλούτῳ,

325 2311 387 2374 ι9ο
427 2273 471 2353 Εν
491 2293 619 2365 πολλαῖς
637 2290 769 2383 χώρῃσι,
792 2278 976 2380 Μακηδονίῃ
997 2278 1031 2353 δὲ
1051 2288 1196 2378 μαλιστα.

426 2394 527 2472 Μῖσος
548 2386 578 2460 δ’
594 2389 731 2487 ἐξεγερεῖ,
747 2395 799 2461 καὶ
818 2399 878 2473 πάς
897 2385 1124 2473 δόλοςέσσεταε
1144 2398 1259 2479 αὐτοῖς,

428 2481 508 2592 Ᾰχρι
527 2502 603 2594 πρὸς
619 2493 797 2593 ἑόδομάτην
822 2493 1003 2586 βασιληίδα,
1020 2500 1055 2576 ἧς
1080 2503 1251 2586 βασιλεύσει

426 2605 587 2698 Αἰγύπτου
609 2609 761 2692 βασιλεὺς,
783 2605 815 2687 ὸς
834 2609 886 2698 ἀρ’
907 2595 1052 2683 Ελλήνων
1071 2610 1157 2701 γένος
1182 2609 1280 2675 ἔσται.

479 2714 543 2781 Καὶ
559 2716 627 2782 τότ’
641 2715 723 2792 ἔθνος
737 2717 882 2808 μεγάλοιο
904 2720 985 2782 Θεοῦ
1003 2710 1079 2781 παλι
1097 2717 1242 2807 καρτερὸν
1261 2716 1361 2801 ἔσται,

325 2818 385 2906 195
425 2815 467 2886 Οῖ
480 2819 629 2888 πάντεσσι
649 2824 784 2914 βροτοῖσι
801 2822 868 2906 βίου
883 2812 1053 2914 καθοδηγοὶ
1070 2823 1206 2888 ἔσονται.

427 2913 517 2992 Ᾱλλά
538 2926 570 2994 τί
588 2953 640 3020 μοι
656 2927 708 2994 καὶ
727 2938 821 2995 τοῦτο
840 2929 916 3007 Θεὸς
931 2928 990 3015 νόῳ
1007 2928 1106 2995 ἔνθετο
1124 2921 1222 3010 λέξαι,

426 3030 467 3098 Τί
480 3044 612 3126 πρῶτον,
628 3035 659 3102 τί
679 3019 708 3100 δ’
730 3035 848 3121 ἔπειτα,
863 3035 895 3102 τί
915 3027 945 3100 δ’
966 3034 1112 3103 ὑστάτιον
1133 3037 1226 3103 κακὸν
1242 3037 1329 3102 ἔσται

425 3138 553 3219 Πάντας
567 3147 612 3210 ἐπ’
627 3143 819 3234 ἀνθρώπους;
843 3141 889 3219 τίς
906 3142 1020 3209 τούτων
1039 3127 1175 3236 [ἔσσεται
1198 3126 1311 3236 ἀρχη];

480 3252 608 3341 Πρῶτον
627 3250 788 3317 Τιτάνεσσι
808 3251 886 3326 Θεὸς
900 3248 994 3314 κακὸν
1012 3244 1191 3344 ἐγγυαλίξει.

320 3378 385 3420 200
424 3353 490 3422 Υἱοὶ
504 3352 562 3449 γὰρ
580 3364 736 3449 καρτεροῖο
754 3357 876 3449 Κρόνου
898 3354 1017 3423 τίσουσι
1035 3348 1123 3434 δίκας
1140 3342 1218 3451 [γε],
1256 3447 1260 3454 γ

424 3462 546 3530 Ούνεκά
559 3488 607 3529 τοι
626 3454 724 3536 δῆσάν
741 3489 776 3529 τε
791 3462 907 3556 Κρόνον
926 3462 977 3530 καὶ
995 3467 1116 3554 μητέρα
1131 3456 1253 3538 κεδνόν.

424 3571 567 3660 Δεύτερον
584 3567 650 3636 αὖθ’
665 3555 782 3643 βλλησι
801 3562 985 3656 τυραννίδες,
1007 3561 1055 3643 ηδ’
1073 3573 1222 3665 ἀγέρωχοι

424 3656 581 3742 Ιδσσονται
597 3679 738 3761 βασιλῆες
753 3676 930 3770 ύρερρίαλοε
949 3677 1001 3744 καὶ
1021 3675 1160 3770 ἄναγνοι,

424 3780 621 3875 Κλεψίγαμοι
641 3784 692 3849 καὶ
708 3785 810 3850 πάντα
826 3783 926 3851 κακοί.
947 3783 1012 3851 Καὶ
1029 3787 1131 3851 οὐκέτι
1151 3786 1269 3865 θνητοῖς

319 3888 382 3956 205
423 3872 589 3982 Ᾰμπαυσις
604 3892 763 3985 πολέμοιο.
782 3893 895 3985 Φρύγες
908 3883 939 3957 δ’
953 3893 1102 3985 ἐκπαγλοε
1117 3896 1260 3960 ὸλοῦνται

316 4124 348 4136 -
360 4098 417 4162 115,
432 4115 485 4166 ηερ.
500 4099 602 4152 Romani
617 4111 737 4152 terrarum
754 4100 848 4153 domini
860 4109 885 4151 et
901 4117 1063 4169 oppressores,
1081 4101 1201 4169 praecipue
1213 4118 1271 4153 vero
1283 4101 1440 4162 Macedonia,

314 4183 393 4236 donec
405 4183 511 4253 AEgypto
520 4204 564 4240 rex
574 4188 678 4257 imperet
687 4187 827 4256 septimun
839 4186 923 4239 (ἴσασι
932 4188 1007 4256 stirpe
1018 4189 1097 4255 [Ptol.
1111 4187 1318 4256 Philometor].-
1328 4189 1388 4248 19⁶,
1400 4203 1441 4256 sq-

318 4396 407 4438 neutro
419 4367 469 4440 εῖνε
482 4390 563 4441 activo
578 4408 585 4450 ς
605 4408 650 4443 nos
667 4409 731 4444 corr.
746 4391 808 4443 Vide
827 4408 859 4442 ευ
892 4391 1038 4458 abantiquo
1053 4391 1127 4442 etiam
1144 4392 1265 4461 periegetn
1278 4391 1344 4458 apud
1358 4386 1442 4440 eodo-

316 4461 418 4528 ῥήξουσι
431 4464 506 4531 magis
524 4467 627 4533 placeat.
891 4467 986 4517 fredum
1001 4467 1026 4516 in
1040 4466 1128 4518 Vetere
1140 4468 1211 4520 Orbis
1222 4468 1305 4519 Descr.
1322 4480 1376 4534 ρας.
1386 4470 1417 4517 48
1432 4483 1439 4516 :

351 4541 407 4591 m.
427 4541 537 4593 Alterum
550 4543 733 4597 hemistichium
744 4542 860 4596 laudatur
893 4543 991 4594 «Dolus
1009 4541 1076 4594 enim
1096 4543 1123 4595 in
1144 4543 1197 4613 ipsa
1217 4544 1278 4604 fuit,
1302 4542 1441 4594 secundum
