3186 5310
656 443 708 501 AD
729 440 874 502 LIBRUM
896 441 933 499 V.
1293 442 1350 501 367

233 576 354 642 perintra.
372 573 484 639 Agnoscis
497 589 554 623 cern
567 584 718 626 constantem
736 575 781 628 sibi
807 574 1037 624 catechumenorum
1051 572 1136 623 ordina
1150 589 1232 623 rursus
1246 573 1278 626 ad
1296 591 1353 626 suos

233 667 265 701 ac
283 667 345 718 saepe
365 665 518 700 recursurum
540 649 566 698 in
585 649 710 717 Sibyllinis
729 662 782 704 tna-
807 650 975 715 transfugerat.
986 648 1352 701 Eunostradoctrinavixaliud

233 725 354 776 ditiomm
374 727 406 777 de
420 725 569 776 Antichristo
589 735 644 791 post
662 728 782 779 domitum
807 725 942 776 retinuerat
960 740 1034 790 quam
1056 725 1233 791 apocalypticus
1248 725 1353 777 visiones

235 801 389 852 occidentem
405 814 489 851 rursus
500 802 526 851 iu
540 801 621 852 Asiam
635 812 709 868 atque
725 804 782 855 inde
807 801 845 850 vet
859 800 891 850 ob
909 800 934 850 id
954 800 1021 866 quod
1040 799 1175 866 intelligere
1193 803 1350 868 nequiverat,
1437 836 1443 850 ,

235 877 262 927 iu
275 877 407 944 Egypnun
424 887 449 927 et
467 875 617 944 Aithiopiam
632 887 657 929 et
674 879 782 930 Africam
807 874 880 925 homo
894 891 936 925 sna
950 884 976 924 et
992 890 1090 924 suorum
1109 885 1197 926 natura
1215 877 1301 927 talium
1314 888 1352 927 te·

235 953 500 1013 armacircumlaturu‚
513 954 670 1004 uudeBarcte
683 955 782 1006 et'l'he.
806 950 938 1000 nebrarum
949 959 1074 1016 captator,
1087 951 1351 1019 undevatesetSihyi·
1410 985 1420 997 .

235 1028 312 1079 beset
320 1026 409 1094 Syenes
417 1038 441 1078 et
454 1027 613 1094 Pentapoleos
623 1029 731 1079 videmus
740 1031 782 1081 hie
807 1026 862 1076 lista
876 1027 960 1076 iactus.
974 1026 1006 1077 Ut
1020 1027 1094 1090 igilur
1105 1027 1282 1094 Apocalypseos
1295 1028 1353 1079 laei-

233 1103 465 1154 hermentionem:
480 1104 525 1153 cir.
541 1113 593 1153 not.
608 1104 639 1153 ad
649 1104 689 1161 tv,
705 1109 761 1156 119.
806 1101 854 1151 niis
862 1103 971 1167 judaicas
984 1119 1038 1153 suas
1051 1102 1191 1168 rhapsodias
1209 1104 1352 1168 contexuit,

270 1182 329 1240 loa,
343 1195 396 1245 sqq.
406 1180 439 1229 De
450 1179 489 1228 his
498 1179 621 1243 versibus,
633 1197 694 1246 quos
708 1182 781 1248 primi
807 1176 840 1225 ita
855 1178 997 1227 sanctissimi
1016 1178 1092 1228 nostri
1112 1176 1280 1244 Redemptoris
1300 1194 1351 1230 me·

235 1269 280 1304 nos
292 1255 324 1304 ad
340 1255 514 1322 Vespasianum
533 1255 677 1317 retulimus,
691 1256 780 1323 gande·
807 1252 908 1302 morium
920 1253 1028 1319 antiquis
1040 1252 1196 1303 llebraeorum
1211 1254 1352 1305 traditioni-

233 1345 289 1379 mus
302 1332 455 1396 conjecturas
468 1338 562 1380 nostras
578 1331 710 1381 clarissimo
726 1332 780 1381 viro
807 1326 853 1377 bus
860 1328 999 1380 admiscuit.
1010 1330 1070 1379 Nam
1077 1346 1152 1395 quum
1161 1328 1302 1394 promissam
1310 1329 1352 1381 Ju-

235 1405 334 1457 tealdo
359 1405 471 1469 (Dissert.
496 1422 550 1472 pag.
573 1409 616 1467 60,
641 1410 710 1470 not)
731 1424 781 1458 non
806 1401 863 1451 dats
872 1403 1057 1470 prosperitatem
1070 1402 1158 1468 quibus
1166 1402 1352 1454 licebatcoiori·

234 1481 335 1532 omniuo
347 1481 503 1548 displicuisse.
517 1480 587 1541 Quod
599 1491 681 1533 aulem
695 1482 781 1550 Vespa·
806 1476 1141 1541 basillusnassenttsost,
1151 1479 1230 1543 ipsum
1242 1478 1352 1530 hiessiam
1380 1504 1384 1513 ι

227 1556 315 1607 airum
333 1572 348 1606 e
367 1557 436 1623 Syria
462 1573 504 1606 sen
525 1557 640 1608 Pnoentce
662 1558 781 1623 legionem
806 1553 1351 1621 decmluadducit:hunevernnequoomniuo
1453 1611 1458 1619 ,

234 1631 384 1683 Gallicanam
404 1647 419 1681 a
438 1632 550 1682 Muciano
570 1633 667 1682 missam
686 1634 778 1698 (Tacit.
806 1628 979 1694 christianum,
1000 1646 1079 1695 neque
1093 1629 1192 1680 omnino
1207 1631 1350 1697 judaicum,

234 1707 297 1758 ttisn
309 1699 352 1770 IV,
364 1708 380 1773 S
392 1711 433 1767 ³9,
452 1715 478 1757 el
490 1707 548 1772 V,§
564 1711 592 1771 l)
611 1708 724 1758 adversus
736 1707 780 1758 Ju·
805 1704 996 1772 sedextttroque
1002 1705 1258 1772 compositum,Jesum
1264 1723 1352 1774 nempe

140 1784 148 1791 '
233 1782 297 1833 duos
317 1783 442 1842 acciverit,
454 1799 536 1832 ansam
554 1782 612 1833 inde
629 1784 694 1850 capit
709 1793 780 1851 poeta
806 1780 917 1830 eumdem
928 1782 970 1847 qui
979 1782 1037 1831 olim
1047 1781 1110 1831 filius
1121 1780 1189 1831 Nave
1202 1781 1277 1831 solem
1288 1790 1352 1833 stare

229 1867 262 1907 ut
272 1858 389 1908 acerrime
399 1858 529 1907 invehatur
538 1875 588 1909 non
600 1859 715 1908 adversus
723 1859 781 1909 Cal·
803 1855 885 1919 jussit,
901 1873 929 1906 ac
947 1856 990 1922 qui
1002 1866 1085 1923 postea
1097 1855 1161 1906 filius
1172 1855 1253 1906 narie
1266 1872 1352 1907 manus

233 1933 271 1983 los
282 1932 365 1991 mmo,
374 1932 416 1983 sed
427 1934 501 1983 etiam
513 1934 627 1984 sdversns
636 1934 779 1998 Britannos3
806 1930 832 1979 in
846 1947 918 1980 cruce
928 1931 1046 1984 extendit.
1059 1931 1124 1981 Crux
1135 1930 1222 1981 Nostro
1233 1941 1269 1982 est
1280 1933 1350 1988 ξύλον

234 2016 311 2073 utque
328 2006 465 2068 Ravenna,
482 2009 562 2058 navali
574 2008 738 2059 Romanorum
754 2009 780 2059 in
805 2007 978 2072 πολύκαρπον,
988 2023 1087 2073 promus
1100 2016 1127 2057 ¹¹1
1138 2006 1257 2072 hodieque
1271 2006 1297 2057 in
1311 2023 1352 2058 en·

230 2082 312 2134 Gallis
322 2083 380 2133 olim
394 2083 516 2149 Cisalpina
532 2083 700 2143 celeberrimo,
714 2086 780 2135 sande
806 2081 883 2130 etesiae
892 2081 1018 2131 catholicae
1028 2081 1125 2147 hymnis
1137 2081 1212 2131 sacris
1223 2082 1296 2132 arhor
1309 2082 1352 2132 iila

233 2158 355 2225 pleraque
375 2158 451 2224 copiae
474 2157 635 2209 morientem
658 2159 781 2210 transvehi
806 2155 902 2205 canitur
920 2157 1020 2220 «hore,
1035 2157 1103 2223 fruge
1121 2156 1244 2207 fertilis».
1260 2157 1352 2208 Deinde

230 2232 463 2294 solebnnt,exitium
471 2235 611 2285 mineturel
622 2235 778 2301 imprecetur.
815 2232 935 2297 ‘topatus
951 2235 965 2282 d
979 2230 1080 2298 sipiares
1093 2232 1164 2282 Josue
1183 2241 1284 2284 uocatur
1300 2249 1352 2282 non

268 2311 326 2367 215,
337 2310 393 2375 ¹sqq.
408 2308 444 2359 tte
458 2309 542 2359 isthmi
556 2309 707 2375 periodieudi
721 2326 780 2360 con·
806 2316 923 2372 tanquam
945 2307 1004 2357 hlosi
1026 2307 1199 2374 preferendus,
1221 2309 1263 2358 sed
1285 2307 1352 2374 qnod

231 2383 288 2435 silio
307 2385 400 2450 aliquid
417 2401 490 2451 snpra
512 2383 616 2434 diximus
635 2386 667 2435 ad
685 2400 781 2435 versum
807 2381 916 2431 omnium
929 2383 1103 2432 miraculorum
1119 2399 1173 2448 quae
1187 2384 1261 2432 sacris
1276 2383 1351 2433 histo·

234 2462 278 2510 32.
291 2459 433 2526 susceptum
448 2460 473 2509 id
485 2459 564 2510 iuerat
578 2469 663 2510 contra
674 2476 780 2527 prmcep-
807 2457 850 2505 riis
862 2467 1038 2516 memorantur,
1052 2474 1114 2507 unus
1124 2458 1174 2525 ipse
1183 2459 1317 2509 maximum
1327 2462 1352 2509 tt

234 2535 382 2585 tumveleris
390 2535 512 2600 enjusdam
520 2536 611 2585 oraculi
621 2536 782 2586 vetantistan·
807 2532 966 2582 clarissimum
979 2532 1091 2584 ediderit.

234 2625 307 2676 qttam
316 2609 388 2660 tante
397 2610 460 2660 istud
470 2626 545 2677 opus,
557 2610 621 2660 unde
629 2610 780 2664 verbahrec:
842 2610 900 2658 292.
915 2608 1042 2659 incensum
1055 2608 1086 2658 ab
1099 2609 1249 2659 Eratoslrato
1263 2608 1353 2676 Ephesi

242 2687 352 2749 ’inducia
362 2685 420 2751 παρ’
429 2686 520 2750 ὀμφήν.
536 2685 606 2735 Nunc
618 2702 675 2735 vero
683 2687 782 2753 fingitur
807 2685 925 2750 templum
937 2701 1001 2734 anno
1012 2694 1069 2734 ante
1083 2683 1205 2735 Christum
1225 2688 1283 2747 356,
1296 2701 1352 2735 rur-

235 2776 297 2826 opus
308 2776 322 2810 ι
335 2760 432 2811 Nerone
444 2771 559 2825 regaame
570 2761 720 2827 inceptuma
733 2763 782 2814 Ne·
808 2775 848 2809 sus
861 2758 908 2809 iuit
925 2759 1057 2810 Alexandri
1074 2759 1154 2826 Magni
1164 2760 1231 2826 jussu
1247 2761 1352 2811 redifica-

232 2851 296 2886 rnne
310 2835 460 2886 Antichristo
477 2836 615 2887 coniectum
629 2837 667 2887 iri.
685 2838 719 2888 ile
736 2839 783 2890 hac
807 2845 862 2886 tum
874 2852 923 2885 non
936 2836 1030 2887 minore
1048 2837 1108 2886 artis
1121 2837 1353 2897 miraculo‚r'ursus·

235 2912 303 2961 omui
316 2912 418 2962 materia
431 2912 553 2979 eiintpp.
568 2914 600 2963 ad
616 2913 687 2965 [lion.
705 2914 781 2978 Cass„
809 2905 857 2976 que
877 2911 951 2960 totius
976 2912 1036 2961 Asin
1061 2911 1161 2961 Minoris
1183 2922 1353 2962 ornamentum

235 2987 284 3037 loc.
293 3004 366 3053 supra
380 2987 421 3038 eit.
809 2986 985 3035 nobilissimum
1002 2986 1087 3036 haberi
1098 2987 1187 3053 erepit.
1206 2988 1354 3054 populanum

269 3064 329 3122 221,
341 3078 394 3128 sqq.
409 3062 508 3112 Atrocia
519 3062 628 3128 proiecto
643 3062 783 3115 ludaeorum
808 3059 990 3111 uenerationem
1008 3071 1033 3110 et
1047 3062 1111 3111 dorsa
1126 3061 1157 3110 ad
1173 3078 1214 3124 se,
1230 3073 1258 3112 ut
1270 3071 1353 3122 antea,

234 3136 392 3187 inimicorum
405 3138 498 3187 somnia
507 3137 620 3187 adversus
628 3138 779 3198 Antoninos,
808 3145 959 3185 convertens.
973 3136 1058 3185 Stabat
1072 3135 1194 3184 incolume
1204 3139 1290 3186 seculo
1300 3147 1354 3203 post

233 3213 341 3278 optimos
353 3213 477 3280 principes
490 3229 496 3262 :
509 3213 550 3262 sed
561 3229 605 3262 nos
615 3214 685 3280 plura
696 3213 726 3264 de
735 3215 781 3266 hae
808 3210 931 3260 Christum
945 3211 1038 3276 primo,
1053 3219 1106 3260 tum
1123 3225 1200 3276 quum
1217 3212 1269 3277 ejus
1283 3229 1354 3263 causa

235 3305 264 3338 re
276 3288 303 3338 in
319 3288 392 3356 hujus
404 3289 453 3338 vol.
469 3287 621 3350 Praeiatione,
638 3289 679 3338 uhi
696 3305 726 3339 ex
740 3290 782 3339 Es-
808 3286 878 3335 divus
892 3285 991 3345 Paulus,
1001 3295 1029 3334 ut
1042 3296 1099 3353 pote
1110 3286 1152 3351 qui
1166 3286 1248 3337 tlianae
1260 3288 1354 3338 cultum

232 3362 286 3414 dne
299 3363 363 3414 libro
374 3363 406 3413 IV
422 3363 674 3425 (iudico-christianus
692 3365 734 3414 itte
751 3364 782 3414 ii·
807 3362 928 3427 simulque
939 3361 1074 3427 precipuos
1091 3361 1158 3411 urhis
1175 3363 1267 3413 reditus
1284 3365 1354 3414 uotis

236 3438 296 3503 ber)
319 3439 397 3490 simile
418 3439 478 3489 huic
498 3439 617 3506 Sibyllino
637 3439 782 3490 vaticinium
806 3438 881 3488 sacris
894 3437 1038 3487 introductis
1051 3436 1222 3499 labefactaret,
1236 3438 1354 3490 seditione

236 3514 392 3580 protulimus.
405 3514 454 3565 cn.
467 3531 516 3565 non
526 3515 605 3564 minus
613 3513 739 3565 infandam
752 3515 782 3566 de
808 3514 873 3578 vulgi
890 3513 981 3579 ejectus
995 3522 1046 3573 est,
1068 3513 1195 3563 clamantis
1215 3531 1263 3565 una
1275 3531 1352 3566 voce:

236 3587 296 3638 ‘tito
310 3589 460 3639 calumniam
473 3604 556 3656 supra,
572 3592 614 3640 38.
808 3588 909 3653 Μεγάλη
930 3590 1074 3653 ἡ”Αρτιμις
1090 3590 1222 3654 Ἐφεσίων,
1244 3611 1257 3635 a
1269 3606 1356 3656 magna

272 3667 330 3716 232.
350 3664 444 3714 Aliudit
456 3675 528 3730 poeta
541 3664 572 3715 ad
586 3681 679 3715 morem
692 3663 783 3716 Roma·
809 3663 887 3714 Diana
900 3664 1060 3730 Ephesiorum
1074 3685 1097 3713 n.
1112 3664 1212 3726 Postea,
1224 3666 1265 3715 sed
1277 3667 1355 3718 mullo

236 3754 326 3788 norum
345 3740 547 3802 crudelissimum,
560 3757 610 3806 quo
623 3749 678 3806 post
697 3740 783 3790 trium-
809 3739 897 3797 serius.
910 3741 1028 3805 templum
1037 3739 1102 3789 idem
1114 3739 1158 3789 suh
1168 3739 1278 3791 Gallieno
1292 3742 1352 3810 imp.

196 3826 201 3841 ·
236 3813 316 3880 phutu
331 3815 422 3881 captivi
441 3831 508 3881 reges
528 3816 608 3881 capite
630 3815 689 3864 oiim
709 3816 784 3882 plecti
809 3810 1065 3881 direptirmaScythis
1077 3815 1250 3882 incensumque
1271 3834 1355 3870 narra·

235 3889 347 3940 wlebant
361 3907 368 3940 τ
383 3900 466 3956 postea
478 3888 561 3940 mitior
575 3906 631 3939 usus
645 3890 782 3956 prevaluit,
809 3900 850 3940 tur
859 3889 945 3953 (Treb.
955 3891 1016 3940 Poll.
1025 3907 1079 3956 pag.
1094 3893 1150 3952 119,
1161 3890 1199 3940 ed.
1212 3890 1298 3958 Van),
1309 3910 1355 3944 nec

236 3966 303 4016 salva
315 3967 475 4025 miserorum,
493 3966 512 4016 si
531 3983 580 4016 non
594 3967 724 4033 dignitate,
737 3965 787 4018 sata
810 3966 935 4017 surrexite
944 3965 1075 4030 cineribus,
1085 3966 1231 4032 populorum
1238 3968 1286 4018 lide
1294 3971 1355 4019 deii-

236 4049 288 4090 tem
299 4042 361 4101 viu,
373 4051 400 4092 ut
414 4042 440 4091 iu
452 4042 538 4092 Perseo
547 4058 611 4107 rege.
810 4041 904 4099 ciente,
921 4052 945 4091 et
961 4042 1066 4091 instante
1079 4043 1188 4107 jamtum
1197 4046 1289 4094 aemulae
1298 4045 1355 4096 reli·

273 4118 336 4178 255,
349 4133 402 4183 sqq.
424 4117 459 4166 ne
473 4117 550 4166 trihus
570 4117 621 4167 istis
639 4117 785 4168 semi-chris·
809 4117 886 4183 gionis
897 4116 1007 4166 victoria.

235 4191 312 4241 tinnis
322 4193 429 4242 versibus
444 4191 546 4242 carmini
561 4202 669 4242 ceterum
687 4194 785 4258 judaico
846 4195 903 4243 3⁰5.
921 4192 1044 4243 Audacter
1062 4192 1161 4242 fecimus
1180 4195 1244 4260 quod
1258 4196 1355 4261 Σάμορ·

236 4266 343 4329 insertis,
353 4268 457 4318 diximus
468 4268 533 4334 quod
543 4269 704 4318 certissimum
715 4269 785 4319 nohis
810 4285 852 4318 νον
878 4264 909 4317 de
934 4277 1017 4317 nostro
1045 4269 1194 4334 reposuimus
1217 4270 1258 4319 ubi
1285 4280 1355 4320 antea

236 4342 336 4392 videtur
358 4343 383 4393 in
406 4338 589 4394 introductione
609 4343 639 4392 ad
658 4343 786 4411 Sibyllina.
811 4344 883 4394 codd.
902 4352 926 4392 et
944 4342 999 4391 edd.
1022 4359 1105 4393 omncs
1124 4347 1283 4412 Λυκοῦργον,
1304 4345 1355 4395 siue

236 4417 314 4468 Poeta
332 4436 419 4485 nempe
435 4420 531 4469 iudaeus
552 4419 690 4469 christianis
708 4420 786 4469 literis
811 4436 881 4469 sensu
895 4435 902 4467 :
914 4418 1030 4468 audaclcr
1049 4420 1162 4485 quidum,
1180 4422 1221 4470 sed
1241 4421 1275 4470 uti
1290 4437 1355 4469 nttnc

234 4493 351 4544 nonnihil
369 4495 487 4545 intinctus
503 4495 581 4546 iuerat
600 4504 624 4545 ct
642 4495 741 4545 fortasse
755 4511 784 4544 es
810 4492 1356 4555 etiamnohissidetnr,felicissime.Artissima
