3186 5310
470 425 753 490 stutuutrtottutt
775 428 850 490 [ΑΒ.
874 429 909 487 V.
1194 430 1250 488 tot

265 535 519 626 AEtheriuiruet
538 559 571 624 in
589 577 633 643 te,
647 578 681 627 ut
696 560 837 625 nubibus
850 562 953 625 excita
970 559 1105 648 grando,

221 666 432 755 vastabitque
448 683 536 732 tuam
553 666 598 732 vir
616 666 773 757 pessimus
791 666 931 754 undique
944 677 1076 747 terram,

222 772 382 861 Sanguine
396 773 648 863 corporibusque
664 798 705 863 op
710 774 842 862 pletum,
856 772 967 837 altaria
980 772 1100 838 circum
1185 825 1187 829 Α

152 878 195 965 95
222 880 323 968 Impia
343 908 351 944 z
368 879 416 944 vir
428 881 513 945 bello
529 881 717 960 vehemens,
732 879 880 945 immanis
897 897 1064 968 atroxque,

220 987 391 1068 Barbarus,
409 988 565 1052 immenso
584 986 642 1051 tibi
655 987 710 1076 qui
726 986 808 1051 feret
826 985 954 1074 agmine
968 986 1104 1051 cladem.

219 1093 261 1156 Et
273 1107 361 1175 tunc,
377 1094 453 1157 urbs
466 1092 554 1174 felix,
571 1093 689 1158 mtdtos
705 1093 827 1181 patiere
843 1093 988 1168 labores3

220 1197 377 1286 Flensque
389 1198 465 1264 Asia
482 1198 563 1288 ipsa,
580 1199 642 1264 tuis
656 1199 736 1264 olim
747 1198 894 1265 redimita
910 1198 1051 1282 coronis,

224 1305 316 1369 Dona
328 1323 435 1394 gemet
443 1305 511 1370 sibi
527 1322 632 1394 rapta,
648 1322 681 1370 et
696 1306 783 1373 humi
801 1322 960 1395 prostrata
976 1305 1109 1371 dolebit.

138 1432 199 1473 roo
223 1411 393 1477 Persarum
409 1412 463 1501 qui
479 1436 576 1500 regna
591 1429 691 1494 tenet,
710 1430 776 1477 tum
790 1412 909 1502 quippe
923 1413 1058 1478 lacesset

226 1518 403 1607 AEgyptum
420 1519 520 1599 bello,
536 1535 568 1582 et
586 1516 669 1583 victu
687 1519 891 1584 frustrabitur
904 1542 1010 1607 agros,

223 1624 421 1714 Occidetque
433 1624 580 1690 hominos
595 1647 603 1690 ε
623 1649 698 1713 pars
710 1624 801 1689 tertia
815 1625 881 1689 sola
897 1626 1052 1692 manebit.

230 1731 341 1799 Victor
352 1735 394 1796 ab
408 1756 522 1796 occasu
537 1731 639 1821 rapidi
653 1755 728 1795 mox
744 1731 862 1819 impete
879 1731 976 1797 saltus

226 1839 394 1927 Erumpet,
409 1855 563 1927 vastoque
579 1838 691 1928 procul
708 1836 898 1925 spatiabitur
909 1838 999 1903 orbe.
1072 1823 1075 1832 ⁸

139 1942 201 2007 105
227 1945 333 2026 Hunc,
346 1944 487 2010 validum
501 1943 650 2034 imperio,
667 1942 772 2008 rabies
786 1960 858 2031 aget
873 1943 972 2007 effera
987 1943 1082 2025 fastu,

227 2051 341 2115 Sancta
355 2051 524 2116 beatorum
536 2049 683 2139 populari
698 2049 825 2114 moenia.
843 2049 906 2113 Sed
921 2065 989 2114 tum

229 2158 296 2221 Rex
310 2156 412 2220 aderit
428 2156 532 2238 fortis,
549 2180 700 2246 supremo
717 2179 736 2220 a
751 2155 889 2220 Numine
905 2155 1030 2234 missus,

228 2265 348 2328 Omnes
363 2262 418 2351 qui
431 2263 544 2352 perdat
557 2286 711 2351 regesque
725 2262 873 2350 virosque
887 2278 1055 2350 potentes:

231 2371 271 2433 Et
287 2385 362 2435 tunc
374 2368 531 2456 judicium
550 2369 657 2433 veniet
673 2368 823 2433 divinitus
837 2368 920 2434 orbi.

144 2498 206 2539 rro
274 2477 330 2539 Vae
345 2475 423 2557 tibi,
437 2499 494 2540 cor
505 2475 677 2540 miserum!
698 2474 775 2563 quid
789 2498 841 2539 me
853 2499 984 2539 narrare
1001 2475 1127 2541 lacessis

227 2581 405 2648 Infaustam
416 2582 549 2672 AEgypti
566 2579 672 2646 multis
683 2582 742 2645 sub
754 2581 883 2668 regibus
897 2584 1021 2647 aevum?

227 2690 242 2752 1
260 2712 345 2753 nunc
358 2689 398 2754 ad
414 2689 550 2755 stolidos
563 2689 688 2769 Persas,
705 2689 715 2753 i
731 2686 807 2753 solis
819 2689 859 2753 ad
878 2706 981 2768 ortus,

226 2797 421 2884 lgnnrosque
433 2795 527 2876 doce,
546 2795 624 2885 qnid
638 2818 796 2885 praesens,
811 2794 930 2883 quidve
945 2796 1100 2862 futurum.

89 2978 104 2997 ·
272 2901 399 2967 Diluvio
414 2925 531 2990 magno
552 2901 722 2992 Euphratis
736 2925 813 2966 cava
828 2899 958 2967 llumina
970 2921 1126 2986 crescent,

144 3007 205 3073 115
229 3009 270 3073 Et
284 3009 397 3081 Persas
416 3007 563 3097 perdent,
578 3025 611 3072 et
622 3009 748 3090 Iberos,
764 3023 796 3071 et
809 3004 1000 3097 Babylonos,

225 3115 484 3204 Massagetasquc
497 3113 594 3180 armis
606 3115 712 3180 claros
724 3113 936 3202 gravibusque
947 3116 1079 3203 sagittis.
1129 3138 1132 3148 “

269 3223 351 3286 Tota
365 3221 439 3286 Asia
453 3219 526 3311 igne
539 3218 674 3311 flagrans
687 3244 787 3309 usque
802 3220 843 3285 ad
861 3218 1045 3287 circumflua
1059 3237 1161 3312 ponto

136 3399 267 3441 terrarum.
277 3419 309 3428 -
326 3395 383 3450 105,
393 3397 446 3455 sqq.
465 3391 542 3439 bosut
551 3403 608 3438 vero
619 3402 712 3438 moram
730 3387 816 3438 urbem
826 3387 930 3454 aggred,
946 3404 1026 3454 aregc
1044 3387 1161 3441 divinitus
1175 3390 1257 3449 misam

133 3475 240 3552 [nempe
248 3473 360 3540 ldessio,]
370 3473 540 3524 debellabitur.
548 3501 579 3509 —
594 3475 651 3533 110,
661 3487 713 3538 sqq.
725 3472 851 3522 Convertit
867 3472 959 3540 Sibylla
977 3474 1131 3542 prophetiam
1142 3493 1211 3527 attam
1226 3480 1258 3528 ad

135 3559 264 3618 orientem
278 3572 307 3609 uc
323 3557 430 3626 primum
444 3557 475 3608 ad
493 3556 587 3618 Persas,
599 3555 688 3605 deinde
700 3556 732 3605 ad
746 3555 807 3606 uste
821 3554 948 3622 Syriaque
957 3566 1048 3622 gentes.
1061 3587 1091 3597 —-

174 3707 229 3767 100,
248 3720 303 3770 sqq
314 3703 470 3765 lactantius,
486 3701 548 3764 Vll,
565 3719 618 3769 cop.
635 3705 682 3762 tt,
713 3704 793 3768 κρίσις
807 3704 957 3754 demonstrat
976 3704 1086 3757 scholion
1106 3723 1179 3776 supra
1196 3714 1257 3764 nh.

135 3775 204 3829 bunc
218 3788 302 3829 citrea
315 3795 368 3844 sqq.
382 3778 464 3828 babet.
712 3787 765 3827 tum
775 3777 806 3827 ad
818 3795 841 3827 v.
859 3782 891 3830 tt
905 3778 980 3843 (bis).
1000 3780 1050 3831 Noc
1064 3791 1145 3835 tumen
1157 3785 1257 3854 ἅφοιτος

173 3857 231 3905 101.
247 3854 325 3905 Codd.
347 3855 390 3905 stol
410 3855 491 3910 ιίσοις
511 3853 609 3910 undosa,
630 3851 683 3902 tine
712 3853 823 3903 absolute
842 3852 948 3920 posituro
966 3872 1068 3921 usquam
1086 3857 1113 3909 iu
1132 3861 1259 3931 Sibyllini,

134 3936 207 3981 §nou
222 3929 310 3981 :Lucu
326 3931 369 3979 atat
381 3946 423 3979 ιιιν
437 3947 481 3987 τις,
499 3926 625 3991 1101οωίιί
639 3944 682 3980 nv
711 3928 854 3995 reperitur:
870 3930 912 3979 sod
925 3931 988 3988 Θεὸς
1005 3931 1106 3993 ἄφθιτος
1126 3934 1169 3988 lib.
1189 3938 1255 4004 llll,

130 4017 234 4056 -vscaret
247 4023 253 4054 z
265 4013 310 4055 uos
321 4021 384 4056 corr.
711 4013 774 4053 cxtr.

174 4084 228 4132 tto.
244 4080 313 4132 Luat.
338 4081 450 4145 μιγάλιος
464 4077 528 4143 (sic)
545 4079 587 4128 καὶ
602 4080 685 4143 φῶτας
751 4082 805 4128 111.
825 4082 1016 4148 Πολυκοιφον1ην
1032 4094 1100 4134 vocat
1111 4087 1206 4154 longam
1220 4106 1257 4142 rs-

137 4155 263 4222 ὰφὶοτους,
278 4154 363 4206 melius
382 4156 491 4217 fortasse,
509 4153 579 4204 metri
596 4170 682 4216 causo,
713 4152 1104 4221 guminAEgyptosuccessionem,
1117 4163 1255 4228 dequr,

135 4246 212 4296 qim
224 4231 319 4298 ἄνδρας.
332 4230 423 4280 Goulos
436 4229 508 4289 iufra,
524 4232 582 4278 319.
714 4229 746 4278 xl
758 4268 764 4286 ‚
777 4232 819 4291 20,
832 4245 869 4295 sq.

174 4310 230 4357 100.
247 4304 682 4367 Codd.etedd.rshocloomvdqh·
750 4307 804 4367 111,
820 4319 874 4369 sqq.
899 4305 1038 4358 Absurdunr
1059 4309 1145 4361 uarix
1172 4327 1257 4367 notan.

136 4396 180 4432 τον
193 4383 260 4450 ἀιθφ.
273 4381 411 4431 lactantius
425 4390 453 4431 ut
463 4396 508 4430 nos
522 4397 529 4430 ;
543 4386 616 4446 quem
627 4379 682 4429 ideo
713 4379 770 4428 dum
784 4380 870 4430 diluvii
881 4381 1013 4449 Eopbntei
1027 4385 1157 4438 somnium.

136 4456 345 4522 nquinur,qoio
359 4459 428 4513 τὶλος
443 4455 544 4519 ἄφθιτον
558 4471 628 4504 sensu
643 4471 682 4504 ca-
751 4458 804 4504 tto.
823 4454 897 4505 codd.
923 4459 1014 4512 τόξοισί
1036 4477 1061 4509 τι
1081 4460 1174 4521 πάντας
1192 4483 1197 4518 :
1216 4485 1258 4520 no,

137 4541 185 4584 nt.
198 4531 504 4598 satommprottlocolim
514 4531 604 4580 tectum
610 4528 683 4578 fnisse
714 4545 778 4581 corr.
