3186 5310
558 361 844 463 starcunonuu
863 398 936 461 tn.
959 398 1037 460 inv.
1240 469 1242 473 ,
1287 405 1359 483 ¹aas

238 529 302 596 235
326 529 426 613 Queis
440 529 538 597 addas
553 529 761 620 lapidumque
780 529 900 596 imbres
916 554 1071 620 roresque
1084 549 1244 598 cruentos.

327 636 411 701 Hinc
429 636 578 726 Phrygiae
591 654 706 702 nutant
720 637 842 702 excelsa
857 637 1023 703 cacumina
1043 655 1149 720 terrae,

326 743 450 810 Nutant
464 744 650 833 etScythici
665 761 791 808 montes
805 745 968 810 radicibus
985 744 1069 810 imis·

326 852 414 915 Urbs
428 850 548 931 tremit,
565 850 723 915 immenso
738 851 847 915 tremit
859 851 964 915 omnis
977 850 1098 917 Graecia
1114 870 1217 922 motu.

325 957 436 1022 Multae
449 974 570 1037 autem,
587 956 750 1044 quatiente
765 958 847 1037 Deo,
866 956 907 1021 de
921 956 1051 1022 sedibus
1066 959 1163 1023 urbes

237 1069 303 1144 240
327 1064 481 1128 Exsilient
501 1062 608 1128 subito
624 1063 774 1152 impulsu,
791 1079 856 1126 tam
870 1064 984 1128 crebra
1002 1065 1160 1129 tonabunt

324 1170 483 1252 Fulmina,
501 1171 548 1234 fas
566 1194 626 1234 nec
640 1170 701 1234 erit
717 1170 856 1235 sonitum
872 1169 970 1234 vitare
984 1194 1042 1234 nec
1059 1171 1170 1236 ictum.

323 1279 408 1343 Tum
423 1277 516 1342 cadet
529 1276 660 1340 infanda
675 1301 731 1340 rex
746 1276 927 1364 proditione
946 1301 1088 1357 suorum,

323 1388 525 1449 Castrensem
540 1407 664 1473 passus,
681 1385 809 1472 qualem
825 1408 920 1449 nemo
937 1402 1027 1466 ante,
1043 1385 1197 1453 furorem.

370 1493 445 1555 Post
459 1491 547 1555 hunc
562 1491 731 1554 certabunt
745 1490 836 1555 multi
850 1489 926 1555 dare
936 1492 1011 1576 jura
1026 1492 1159 1573 Latinis,

235 1596 298 1675 245
323 1599 504 1685 Purpureas
518 1595 608 1686 regni
626 1595 754 1660 exuvias
768 1595 829 1660 sibi
842 1596 977 1685 quisque
991 1597 1165 1679 trahentes,

323 1705 412 1786 Quas
426 1703 555 1767 tandem
571 1701 666 1767 sortis
679 1701 790 1791 partiri
805 1702 875 1792 lege
890 1702 1043 1792 placebit.

322 1813 431 1897 Atque
446 1808 492 1873 ibi
506 1825 572 1873 tres
585 1831 675 1896 reges
689 1833 783 1898 super
797 1808 898 1874 ardua
912 1810 1029 1875 moenia
1043 1813 1155 1875 Romoe

323 1916 499 2005 Imperium
515 1915 686 2005 accipient,
703 1939 843 2004 quorum
858 1916 918 1980 tibi
936 1916 1029 1982 litera
1044 1935 1202 1983 monstrat

322 2022 430 2088 Prima
447 2023 541 2104 duos,
555 2022 654 2087 alium
669 2021 801 2086 victoria
815 2022 946 2087 nomine
961 2022 1077 2112 signat.

234 2131 299 2195 250
323 2131 364 2195 Hi
379 2133 519 2195 Romam
534 2145 628 2216 atque
643 2127 706 2191 suis
721 2128 835 2192 orbem
849 2127 991 2192 relevare
1006 2129 1105 2193 ruinis

322 2238 539 2317 Contendent,
557 2259 616 2300 nec
630 2234 703 2299 finis
717 2233 777 2298 erit
788 2234 953 2323 requiesve
971 2235 1131 2302 laborum.

321 2343 404 2407 Nam
419 2366 522 2431 neque
534 2346 602 2429 jam
616 2357 726 2429 parcet
739 2342 826 2404 Deus
840 2357 894 2405 aut
909 2340 1056 2429 ignoscet
1069 2345 1110 2408 ab
1125 2342 1191 2407 alto

320 2451 496 2515 Terrarum
509 2447 650 2537 populis,
668 2446 823 2535 quoniam
841 2446 922 2511 mala
936 2448 1036 2513 multa
1052 2466 1229 2539 patrarunt.

322 2557 407 2644 Ergo
421 2555 599 2619 terribilem
612 2552 764 2618 conflabit
780 2553 909 2642 regibus
923 2553 1017 2636 iram,

232 2662 295 2728 255
320 2662 431 2727 Pardis
445 2677 541 2750 atque
552 2661 635 2750 lupis
649 2660 841 2750 graviorem,
857 2660 1008 2749 ipsosque
1022 2662 1163 2728 cruentis

320 2773 493 2857 Correptos
506 2767 655 2833 manibus
670 2766 716 2830 tis
730 2767 861 2832 loricata
876 2769 1033 2849 virorum,

321 2877 505 2941 Femineam
519 2874 615 2940 veluti
629 2874 785 2964 praedam,
801 2875 960 2964 discerpet
974 2875 1125 2952 inermes,

320 2984 452 3072 Sceptra
467 2982 561 3046 simul
577 2982 713 3062 calcans,
730 2980 823 3045 simul
837 2980 906 3069 ipsa
921 2982 1075 3046 cadavera
1090 3008 1214 3073 regum.

321 3089 391 3155 nh!
409 3088 517 3154 miseri
531 3112 681 3179 proceres
696 3090 809 3152 Romae
822 3086 1065 3177 omnipotentis,
1081 3091 1199 3179 iniquas

233 3197 297 3262 260
320 3197 493 3264 Perfidiam
507 3196 622 3286 linguae
634 3214 668 3262 et
681 3194 820 3287 perjuria
836 3195 920 3261 foeda
933 3195 1038 3261 luetis.

365 3306 456 3370 Tunc
472 3303 608 3368 aderunt
621 3303 713 3367 multi
731 3302 854 3367 cunctis
866 3326 884 3366 e
897 3301 1043 3391 partibus
1057 3304 1147 3368 orbis

320 3411 497 3500 Pugnaces,
517 3410 601 3475 bello
618 3408 781 3499 intrepidi,
800 3408 995 3498 stirpemque
1009 3407 1155 3498 priorum

320 3516 476 3582 Funditus
491 3533 635 3581 avertent
650 3515 818 3579 hominum
854 3561 1168 3584 .......

320 3623 405 3687 Huic
418 3622 556 3687 similem
572 3644 638 3685 non
656 3619 712 3683 ulli
728 3640 869 3708 unquam
884 3619 935 3683 bis
951 3620 1034 3684 ferre
1050 3620 1195 3686 laborem

232 3729 296 3795 265
320 3731 396 3795 Fata
411 3730 553 3812 dahuut;
573 3726 728 3815 factisque
742 3726 807 3791 suis
820 3750 920 3816 genus
940 3750 1036 3792 omne
1049 3727 1180 3816 peribit.

263 3983 323 4032 255.
341 3979 418 4030 Codd.
433 3979 559 4044 παρόαλίῳ
577 3977 640 4040 (sic)
653 3986 678 4027 et
692 3982 775 4043 χεῖρον
816 3962 821 3976 ’
842 3977 900 4025 263.
920 3972 1019 4024 Lacuna
1031 3975 1114 4024 eadem
1130 3973 1155 4024 in
1167 3971 1289 4026 omnibus.

227 4065 254 4108 ct
267 4056 360 4113 αὐτούς
373 4055 494 4121 prorsas.
509 4054 561 4105 cn.
574 4053 612 4108 lt.
628 4056 686 4103 268.
843 4053 902 4100 264.
921 4049 998 4101 Codd.
1013 4048 1081 4111 ἄγειν
1101 4052 1202 4118 οὶκτρὴν
1220 4053 1293 4111 τότε,
1313 4051 1357 4102 ubi

263 4134 322 4183 252.
338 4131 415 4182 Codd.
429 4122 455 4180 al
468 4131 557 4194 plica:
568 4144 633 4177 corr.
647 4127 705 4176 tui.
810 4141 854 4174 nos
866 4125 923 4188 ἄγοι
938 4126 1024 4190 μοίρην
1036 4126 1115 4191 ποτέ,
1134 4143 1205 4176 sensu
1222 4127 1256 4178 ita
1272 4128 1357 4177 saltem

263 4209 322 4257 atu.
342 4207 382 4256 dn
393 4206 567 4262 ὶξαπολιῐσῦεὲ
582 4203 632 4251 Clr.
646 4201 676 4258 11,
693 4206 750 4252 ἳῧῖΙ
810 4210 943 4267 utcumque
957 4210 1051 4261 stante3
1066 4217 1111 4251 nec
1131 4218 1230 4268 prorsus
1245 4203 1323 4260 male,
1338 4200 1358 4250 si

236 4333 239 4337 ,
263 4287 323 4334 261.
343 4281 410 4332 eodo
435 4277 459 4332 cl
472 4281 538 4331 aar&
553 4277 774 4342 assumitur.
810 4278 909 4344 πρῶτον
925 4275 1061 4342 accipiatur
1084 4285 1200 4342 tanquam
1216 4277 1357 4343 πρότερον,

230 4357 278 4415 ΙΙΙ,
292 4361 349 4409 358.
810 4353 966 4417 quodsensus
975 4352 1050 4417 magis
1059 4368 1132 4416 quam
1140 4352 1358 4417 grammaticoma-

236 4481 239 4486 .
264 4436 321 4486 2⁶2.
332 4432 417 4488 ,Codd.
434 4431 460 4481 iu
471 4431 520 4481 stne
529 4432 650 4496 γενέσθαι,
664 4446 727 4479 unm
736 4447 777 4492 γε·
815 4428 885 4477 tulat.
903 4426 991 4492 Utique
1006 4426 1267 4486 ctr.vt11‚1tt‚unuo
1280 4427 1359 4478 mani·

230 4512 321 4569 νὲθλαι,
336 4509 401 4561 unde
413 4523 458 4560 nos
467 4508 591 4571 γενέθλην.
812 4504 872 4554 testo
883 4504 971 4553 ductus
984 4501 1025 4554 liic
1034 4519 1127 4563 sersus,
1136 4515 1161 4554 ct
1178 4501 1251 4565 infra,
1264 4507 1322 4555 303.
