<?xml version="1.0" encoding="UTF-8"?>
<!DOCTYPE html PUBLIC "-//W3C//DTD XHTML 1.0 Transitional//EN"
    "http://www.w3.org/TR/xhtml1/DTD/xhtml1-transitional.dtd">
<html xmlns="http://www.w3.org/1999/xhtml" xml:lang="en" lang="en">
 <head>
  <title>
</title>
<meta http-equiv="Content-Type" content="text/html;charset=utf-8" />
  <meta name='ocr-system' content='tesseract 3.04.00' />
  <meta name='ocr-capabilities' content='ocr_page ocr_carea ocr_par ocr_line ocrx_word'/>
</head>
<body>
  <div class='ocr_page' id='page_1' title='image "./oraculasibyllin00alexgoog/oraculasibyllin00alexgoog_0116.png"; bbox 0 0 3186 5310; ppageno 0'>
   <div class='ocr_carea' id='block_1_1' title="bbox 504 419 943 483">
    <p class='ocr_par' dir='ltr' id='par_1_1' title="bbox 504 419 943 483">
     <span class='ocr_line' id='line_1_1' title="bbox 504 419 943 483; baseline 0 -3"><span class='ocrx_word' id='word_1_1' title='bbox 504 419 786 483; x_wconf 85' lang='lat' dir='ltr'><strong>SIBYLLINORUM</strong></span> <span class='ocrx_word' id='word_1_2' title='bbox 808 422 883 483; x_wconf 87' lang='lat' dir='ltr'><strong>LlB.</strong></span> <span class='ocrx_word' id='word_1_3' title='bbox 906 423 943 482; x_wconf 91' lang='lat' dir='ltr'><strong>ll.</strong></span> 
     </span>
    </p>
   </div>
   <div class='ocr_carea' id='block_1_2' title="bbox 155 551 1273 3854">
    <p class='ocr_par' dir='ltr' id='par_1_2' title="bbox 155 551 1273 3854">
     <span class='ocr_line' id='line_1_2' title="bbox 252 551 1100 646; baseline 0.006 -30"><span class='ocrx_word' id='word_1_4' title='bbox 252 553 338 616; x_wconf 84' lang='lat' dir='ltr'><strong>Raro</strong></span> <span class='ocrx_word' id='word_1_5' title='bbox 352 551 470 616; x_wconf 83' lang='lat' dir='ltr'><strong>etenim</strong></span> <span class='ocrx_word' id='word_1_6' title='bbox 485 553 618 642; x_wconf 91' lang='lat' dir='ltr'><strong>prodest</strong></span> <span class='ocrx_word' id='word_1_7' title='bbox 630 554 716 642; x_wconf 91' lang='lat' dir='ltr'><strong>quod</strong></span> <span class='ocrx_word' id='word_1_8' title='bbox 731 578 764 619; x_wconf 90' lang='lat' dir='ltr'><strong>se</strong></span> <span class='ocrx_word' id='word_1_9' title='bbox 778 553 991 646; x_wconf 85' lang='lat' dir='ltr'><strong>superomnia</strong></span> <span class='ocrx_word' id='word_1_10' title='bbox 1006 554 1100 622; x_wconf 89' lang='lat' dir='ltr'><strong>tollit.</strong></span> 
     </span>
     <span class='ocr_line' id='line_1_3' title="bbox 251 658 969 749; baseline 0 -25"><span class='ocrx_word' id='word_1_11' title='bbox 251 658 371 749; x_wconf 87' lang='lat' dir='ltr'><strong>Saepius</strong></span> <span class='ocrx_word' id='word_1_12' title='bbox 385 659 424 723; x_wconf 89' lang='lat' dir='ltr'><strong>ad</strong></span> <span class='ocrx_word' id='word_1_13' title='bbox 443 676 551 749; x_wconf 82' lang='lat' dir='ltr'><strong>turpes</strong></span> <span class='ocrx_word' id='word_1_14' title='bbox 570 659 708 725; x_wconf 84' lang='lat' dir='ltr'><strong>declinat</strong></span> <span class='ocrx_word' id='word_1_15' title='bbox 726 660 817 726; x_wconf 80' lang='lat' dir='ltr'><strong>luxus</strong></span> <span class='ocrx_word' id='word_1_16' title='bbox 832 685 969 726; x_wconf 89' lang='lat' dir='ltr'><strong>amores.</strong></span> 
     </span>
     <span class='ocr_line' id='line_1_4' title="bbox 249 767 1113 858; baseline 0.005 -28"><span class='ocrx_word' id='word_1_17' title='bbox 249 767 273 830; x_wconf 88' lang='lat' dir='ltr'>F</span> <span class='ocrx_word' id='word_1_18' title='bbox 275 782 360 831; x_wconf 90' lang='lat' dir='ltr'><strong>astus</strong></span> <span class='ocrx_word' id='word_1_19' title='bbox 375 790 452 856; x_wconf 92' lang='lat' dir='ltr'><strong>opes</strong></span> <span class='ocrx_word' id='word_1_20' title='bbox 464 767 619 855; x_wconf 89' lang='lat' dir='ltr'><strong>sequitur,</strong></span> <span class='ocrx_word' id='word_1_21' title='bbox 639 767 781 857; x_wconf 88' lang='lat' dir='ltr'><strong>sequitur</strong></span> <span class='ocrx_word' id='word_1_22' title='bbox 800 767 970 858; x_wconf 80' lang='lat' dir='ltr'><strong>petulantia</strong></span> <span class='ocrx_word' id='word_1_23' title='bbox 985 767 1113 835; x_wconf 85' lang='lat' dir='ltr'><strong>fastum.</strong></span> 
     </span>
     <span class='ocr_line' id='line_1_5' title="bbox 168 872 1091 964; baseline 0.005 -29"><span class='ocrx_word' id='word_1_24' title='bbox 168 872 225 937; x_wconf 83' lang='lat'><strong>135</strong></span> <span class='ocrx_word' id='word_1_25' title='bbox 250 875 300 937; x_wconf 88' lang='lat' dir='ltr'><strong>Ira</strong></span> <span class='ocrx_word' id='word_1_26' title='bbox 315 872 457 938; x_wconf 89' lang='lat' dir='ltr'><strong>animum</strong></span> <span class='ocrx_word' id='word_1_27' title='bbox 469 872 598 938; x_wconf 88' lang='lat' dir='ltr'><strong>subiens</strong></span> <span class='ocrx_word' id='word_1_28' title='bbox 607 897 759 964; x_wconf 83' lang='lat' dir='ltr'><strong>magnum</strong></span> <span class='ocrx_word' id='word_1_29' title='bbox 771 873 824 939; x_wconf 89' lang='lat' dir='ltr'><strong>llat</strong></span> <span class='ocrx_word' id='word_1_30' title='bbox 834 899 915 964; x_wconf 83' lang='lat' dir='ltr'><strong>saepc</strong></span> <span class='ocrx_word' id='word_1_31' title='bbox 930 875 1091 940; x_wconf 83' lang='lat' dir='ltr'><strong>furorem:</strong></span> 
     </span>
     <span class='ocr_line' id='line_1_6' title="bbox 249 979 1123 1064; baseline 0.002 -18"><span class='ocrx_word' id='word_1_32' title='bbox 249 979 361 1046; x_wconf 91' lang='lat' dir='ltr'><strong>Gliscit</strong></span> <span class='ocrx_word' id='word_1_33' title='bbox 377 979 462 1045; x_wconf 90' lang='lat' dir='ltr'><strong>enim</strong></span> <span class='ocrx_word' id='word_1_34' title='bbox 475 979 552 1044; x_wconf 90' lang='lat' dir='ltr'><strong>levis</strong></span> <span class='ocrx_word' id='word_1_35' title='bbox 564 980 623 1064; x_wconf 79' lang='lat' dir='ltr'><strong>ira,</strong></span> <span class='ocrx_word' id='word_1_36' title='bbox 641 982 697 1047; x_wconf 90' lang='lat' dir='ltr'><strong>sed</strong></span> <span class='ocrx_word' id='word_1_37' title='bbox 714 1005 825 1046; x_wconf 92' lang='lat' dir='ltr'><strong>omnes</strong></span> <span class='ocrx_word' id='word_1_38' title='bbox 842 981 954 1046; x_wconf 84' lang='lat' dir='ltr'><strong>transit</strong></span> <span class='ocrx_word' id='word_1_39' title='bbox 968 981 1000 1044; x_wconf 90' lang='lat' dir='ltr'><strong>in</strong></span> <span class='ocrx_word' id='word_1_40' title='bbox 1017 1006 1123 1048; x_wconf 89' lang='lat' dir='ltr'><strong>ausus.</strong></span> 
     </span>
     <span class='ocr_line' id='line_1_7' title="bbox 249 1086 1109 1177; baseline 0.003 -27"><span class='ocrx_word' id='word_1_41' title='bbox 249 1089 356 1177; x_wconf 82' lang='lat' dir='ltr'>Turpe</span> <span class='ocrx_word' id='word_1_42' title='bbox 370 1086 459 1152; x_wconf 89' lang='lat' dir='ltr'><strong>malis</strong></span> <span class='ocrx_word' id='word_1_43' title='bbox 472 1105 612 1166; x_wconf 76' lang='lat' dir='ltr'><strong>certare3</strong></span> <span class='ocrx_word' id='word_1_44' title='bbox 633 1088 726 1153; x_wconf 91' lang='lat' dir='ltr'><strong>bonis</strong></span> <span class='ocrx_word' id='word_1_45' title='bbox 741 1105 862 1154; x_wconf 88' lang='lat' dir='ltr'><strong>certare</strong></span> <span class='ocrx_word' id='word_1_46' title='bbox 877 1089 1032 1154; x_wconf 86' lang='lat' dir='ltr'><strong>decorum</strong></span> <span class='ocrx_word' id='word_1_47' title='bbox 1050 1105 1109 1153; x_wconf 88' lang='lat' dir='ltr'><strong>est.</strong></span> 
     </span>
     <span class='ocr_line' id='line_1_8' title="bbox 249 1194 1018 1285; baseline 0.003 -27"><span class='ocrx_word' id='word_1_48' title='bbox 249 1195 339 1284; x_wconf 84' lang='lat' dir='ltr'><strong>Saepe</strong></span> <span class='ocrx_word' id='word_1_49' title='bbox 352 1194 443 1259; x_wconf 88' lang='lat' dir='ltr'><strong>malis</strong></span> <span class='ocrx_word' id='word_1_50' title='bbox 458 1194 595 1278; x_wconf 85' lang='lat' dir='ltr'><strong>lunesta,</strong></span> <span class='ocrx_word' id='word_1_51' title='bbox 615 1195 709 1261; x_wconf 88' lang='lat' dir='ltr'><strong>bonis</strong></span> <span class='ocrx_word' id='word_1_52' title='bbox 726 1195 859 1260; x_wconf 89' lang='lat' dir='ltr'><strong>audacia</strong></span> <span class='ocrx_word' id='word_1_53' title='bbox 874 1195 1018 1285; x_wconf 84' lang='lat' dir='ltr'><strong>prodest.</strong></span> 
     </span>
     <span class='ocr_line' id='line_1_9' title="bbox 248 1301 1133 1391; baseline 0.006 -27"><span class='ocrx_word' id='word_1_54' title='bbox 248 1301 364 1391; x_wconf 84' lang='lat' dir='ltr'><strong>&#39;l’urpis</strong></span> <span class='ocrx_word' id='word_1_55' title='bbox 377 1326 469 1366; x_wconf 85' lang='lat' dir='ltr'><strong>autor</strong></span> <span class='ocrx_word' id='word_1_56' title='bbox 484 1301 630 1385; x_wconf 80' lang='lat' dir='ltr'><strong>Veneris,</strong></span> <span class='ocrx_word' id='word_1_57' title='bbox 649 1302 706 1367; x_wconf 90' lang='lat' dir='ltr'><strong>sed</strong></span> <span class='ocrx_word' id='word_1_58' title='bbox 719 1327 811 1368; x_wconf 89' lang='lat' dir='ltr'><strong>arnor</strong></span> <span class='ocrx_word' id='word_1_59' title='bbox 829 1301 953 1366; x_wconf 85' lang='lat' dir='ltr'><strong>virtutis</strong></span> <span class='ocrx_word' id='word_1_60' title='bbox 970 1303 1133 1370; x_wconf 85' lang='lat' dir='ltr'><strong>honestus.</strong></span> 
     </span>
     <span class='ocr_line' id='line_1_10' title="bbox 165 1405 1068 1498; baseline 0.002 -28"><span class='ocrx_word' id='word_1_61' title='bbox 165 1413 224 1487; x_wconf 68' lang='lat'><strong>140</strong></span> <span class='ocrx_word' id='word_1_62' title='bbox 248 1405 376 1473; x_wconf 87' lang='lat' dir='ltr'>Civibus</span> <span class='ocrx_word' id='word_1_63' title='bbox 390 1408 441 1472; x_wconf 90' lang='lat' dir='ltr'><strong>ille</strong></span> <span class='ocrx_word' id='word_1_64' title='bbox 454 1407 530 1490; x_wconf 87' lang='lat' dir='ltr'><strong>suis,</strong></span> <span class='ocrx_word' id='word_1_65' title='bbox 546 1408 596 1473; x_wconf 92' lang='lat' dir='ltr'><strong>cui</strong></span> <span class='ocrx_word' id='word_1_66' title='bbox 609 1432 699 1474; x_wconf 90' lang='lat' dir='ltr'><strong>mens</strong></span> <span class='ocrx_word' id='word_1_67' title='bbox 709 1425 757 1473; x_wconf 89' lang='lat' dir='ltr'><strong>est</strong></span> <span class='ocrx_word' id='word_1_68' title='bbox 769 1408 899 1482; x_wconf 79' lang='lat' dir='ltr'><strong>blanda,</strong></span> <span class='ocrx_word' id='word_1_69' title='bbox 917 1407 1068 1498; x_wconf 85' lang='lat' dir='ltr'><strong>placebit.</strong></span> 
     </span>
     <span class='ocr_line' id='line_1_11' title="bbox 248 1513 1209 1605; baseline 0 -27"><span class='ocrx_word' id='word_1_70' title='bbox 248 1516 381 1578; x_wconf 84' lang='lat' dir='ltr'><strong>Servent</strong></span> <span class='ocrx_word' id='word_1_71' title='bbox 396 1532 509 1580; x_wconf 81' lang='lat' dir='ltr'><strong>cuncta</strong></span> <span class='ocrx_word' id='word_1_72' title='bbox 525 1515 673 1596; x_wconf 83' lang='lat' dir='ltr'><strong>modum,</strong></span> <span class='ocrx_word' id='word_1_73' title='bbox 693 1533 799 1605; x_wconf 80' lang='lat' dir='ltr'><strong>potus,</strong></span> <span class='ocrx_word' id='word_1_74' title='bbox 815 1514 917 1598; x_wconf 79' lang='lat' dir='ltr'><strong>cibus,</strong></span> <span class='ocrx_word' id='word_1_75' title='bbox 931 1514 1064 1604; x_wconf 86' lang='lat' dir='ltr'><strong>ipsaque</strong></span> <span class='ocrx_word' id='word_1_76' title='bbox 1078 1513 1182 1604; x_wconf 83' lang='lat' dir='ltr'><strong>lingua</strong></span> <span class='ocrx_word' id='word_1_77' title='bbox 1201 1538 1209 1579; x_wconf 91' lang='lat'>:</span> 
     </span>
     <span class='ocr_line' id='line_1_12' title="bbox 247 1620 1119 1712; baseline 0.002 -28"><span class='ocrx_word' id='word_1_78' title='bbox 247 1620 376 1711; x_wconf 89' lang='lat' dir='ltr'><strong>Optima</strong></span> <span class='ocrx_word' id='word_1_79' title='bbox 393 1645 445 1687; x_wconf 92' lang='lat' dir='ltr'><strong>res</strong></span> <span class='ocrx_word' id='word_1_80' title='bbox 460 1623 577 1687; x_wconf 90' lang='lat' dir='ltr'><strong>modus</strong></span> <span class='ocrx_word' id='word_1_81' title='bbox 592 1638 651 1704; x_wconf 85' lang='lat' dir='ltr'><strong>est,</strong></span> <span class='ocrx_word' id='word_1_82' title='bbox 671 1646 733 1712; x_wconf 89' lang='lat' dir='ltr'><strong>qua</strong></span> <span class='ocrx_word' id='word_1_83' title='bbox 752 1647 818 1686; x_wconf 90' lang='lat' dir='ltr'><strong>nou</strong></span> <span class='ocrx_word' id='word_1_84' title='bbox 837 1621 966 1712; x_wconf 90' lang='lat' dir='ltr'><strong>impune</strong></span> <span class='ocrx_word' id='word_1_85' title='bbox 981 1638 1119 1686; x_wconf 88' lang='lat' dir='ltr'><strong>caretur.</strong></span> 
     </span>
     <span class='ocr_line' id='line_1_13' title="bbox 246 1727 1095 1812; baseline 0.001 -20"><span class='ocrx_word' id='word_1_86' title='bbox 246 1727 391 1793; x_wconf 85' lang='lat' dir='ltr'><strong>Perfidus</strong></span> <span class='ocrx_word' id='word_1_87' title='bbox 402 1729 488 1794; x_wconf 89' lang='lat' dir='ltr'><strong>haud</strong></span> <span class='ocrx_word' id='word_1_88' title='bbox 501 1746 583 1812; x_wconf 87' lang='lat' dir='ltr'><strong>esto,</strong></span> <span class='ocrx_word' id='word_1_89' title='bbox 594 1753 674 1794; x_wconf 89' lang='lat' dir='ltr'><strong>neve</strong></span> <span class='ocrx_word' id='word_1_90' title='bbox 685 1728 811 1794; x_wconf 89' lang='lat' dir='ltr'><strong>invidus</strong></span> <span class='ocrx_word' id='word_1_91' title='bbox 821 1744 875 1792; x_wconf 86' lang='lat' dir='ltr'><strong>aut</strong></span> <span class='ocrx_word' id='word_1_92' title='bbox 891 1727 1095 1810; x_wconf 89' lang='lat' dir='ltr'><strong>maledicens,</strong></span> 
     </span>
     <span class='ocr_line' id='line_1_14' title="bbox 247 1835 1123 1926; baseline 0.003 -27"><span class='ocrx_word' id='word_1_93' title='bbox 247 1837 313 1901; x_wconf 82' lang='lat' dir='ltr'><strong>Aut</strong></span> <span class='ocrx_word' id='word_1_94' title='bbox 330 1860 429 1926; x_wconf 88' lang='lat' dir='ltr'><strong>pravo</strong></span> <span class='ocrx_word' id='word_1_95' title='bbox 444 1836 585 1924; x_wconf 86' lang='lat' dir='ltr'><strong>ingenio,</strong></span> <span class='ocrx_word' id='word_1_96' title='bbox 602 1853 656 1901; x_wconf 87' lang='lat' dir='ltr'><strong>aut</strong></span> <span class='ocrx_word' id='word_1_97' title='bbox 671 1835 837 1901; x_wconf 87' lang='lat' dir='ltr'><strong>nectendis</strong></span> <span class='ocrx_word' id='word_1_98' title='bbox 853 1835 1021 1901; x_wconf 84' lang='lat' dir='ltr'><strong>fraudibus</strong></span> <span class='ocrx_word' id='word_1_99' title='bbox 1036 1851 1123 1925; x_wconf 80' lang='lat' dir='ltr'><strong>apte.</strong></span> 
     </span>
     <span class='ocr_line' id='line_1_15' title="bbox 161 1942 1140 2034; baseline 0.002 -28"><span class='ocrx_word' id='word_1_100' title='bbox 161 1944 221 2022; x_wconf 69' lang='lat'><strong>145</strong></span> <span class='ocrx_word' id='word_1_101' title='bbox 246 1942 344 2026; x_wconf 86' lang='lat' dir='ltr'><strong>Quod</strong></span> <span class='ocrx_word' id='word_1_102' title='bbox 361 1943 465 2025; x_wconf 88' lang='lat' dir='ltr'><strong>decet,</strong></span> <span class='ocrx_word' id='word_1_103' title='bbox 483 1945 635 2021; x_wconf 87' lang='lat' dir='ltr'><strong>observa;</strong></span> <span class='ocrx_word' id='word_1_104' title='bbox 653 1943 739 2034; x_wconf 81' lang='lat' dir='ltr'><strong>suge,</strong></span> <span class='ocrx_word' id='word_1_105' title='bbox 754 1967 824 2033; x_wconf 81' lang='lat' dir='ltr'><strong>quae</strong></span> <span class='ocrx_word' id='word_1_106' title='bbox 838 1959 911 2007; x_wconf 89' lang='lat' dir='ltr'><strong>suut</strong></span> <span class='ocrx_word' id='word_1_107' title='bbox 926 1942 1030 2031; x_wconf 91' lang='lat' dir='ltr'><strong>turpia</strong></span> <span class='ocrx_word' id='word_1_108' title='bbox 1044 1943 1140 2008; x_wconf 89' lang='lat' dir='ltr'><strong>lactu.</strong></span> 
     </span>
     <span class='ocr_line' id='line_1_16' title="bbox 242 2048 1096 2140; baseline 0.001 -25"><span class='ocrx_word' id='word_1_109' title='bbox 242 2050 334 2115; x_wconf 79' lang='lat' dir='ltr'><strong>Neve</strong></span> <span class='ocrx_word' id='word_1_110' title='bbox 352 2048 476 2114; x_wconf 88' lang='lat' dir='ltr'><strong>imitere</strong></span> <span class='ocrx_word' id='word_1_111' title='bbox 493 2051 612 2127; x_wconf 78' lang='lat' dir='ltr'><strong>malos3</strong></span> <span class='ocrx_word' id='word_1_112' title='bbox 630 2051 687 2115; x_wconf 87' lang='lat' dir='ltr'><strong>sed</strong></span> <span class='ocrx_word' id='word_1_113' title='bbox 702 2073 798 2140; x_wconf 88' lang='lat' dir='ltr'><strong>prava</strong></span> <span class='ocrx_word' id='word_1_114' title='bbox 812 2049 963 2115; x_wconf 83' lang='lat' dir='ltr'><strong>ulciscere</strong></span> <span class='ocrx_word' id='word_1_115' title='bbox 978 2049 1073 2114; x_wconf 90' lang='lat' dir='ltr'><strong>rectis</strong></span> <span class='ocrx_word' id='word_1_116' title='bbox 1088 2073 1096 2116; x_wconf 89' lang='lat'>:</span> 
     </span>
     <span class='ocr_line' id='line_1_17' title="bbox 244 2155 1060 2244; baseline 0.002 -23"><span class='ocrx_word' id='word_1_117' title='bbox 244 2156 383 2222; x_wconf 84' lang='lat' dir='ltr'><strong>Multum</strong></span> <span class='ocrx_word' id='word_1_118' title='bbox 398 2156 516 2221; x_wconf 86' lang='lat' dir='ltr'><strong>etenim</strong></span> <span class='ocrx_word' id='word_1_119' title='bbox 530 2156 659 2222; x_wconf 87' lang='lat' dir='ltr'><strong>suadela</strong></span> <span class='ocrx_word' id='word_1_120' title='bbox 671 2159 780 2243; x_wconf 86' lang='lat' dir='ltr'><strong>juvat;</strong></span> <span class='ocrx_word' id='word_1_121' title='bbox 800 2156 839 2221; x_wconf 87' lang='lat' dir='ltr'><strong>lis</strong></span> <span class='ocrx_word' id='word_1_122' title='bbox 851 2155 905 2219; x_wconf 91' lang='lat' dir='ltr'><strong>lite</strong></span> <span class='ocrx_word' id='word_1_123' title='bbox 919 2173 1060 2244; x_wconf 85' lang='lat' dir='ltr'><strong>paratur.</strong></span> 
     </span>
     <span class='ocr_line' id='line_1_18' title="bbox 244 2261 1069 2354; baseline -0.001 -26"><span class='ocrx_word' id='word_1_124' title='bbox 244 2263 332 2328; x_wconf 89' lang='lat' dir='ltr'><strong>Neve</strong></span> <span class='ocrx_word' id='word_1_125' title='bbox 353 2263 448 2327; x_wconf 85' lang='lat' dir='ltr'><strong>fidem</strong></span> <span class='ocrx_word' id='word_1_126' title='bbox 467 2264 575 2345; x_wconf 76' lang='lat' dir='ltr'><strong>rebus,</strong></span> <span class='ocrx_word' id='word_1_127' title='bbox 595 2263 672 2354; x_wconf 90' lang='lat' dir='ltr'><strong>quin</strong></span> <span class='ocrx_word' id='word_1_128' title='bbox 688 2262 786 2327; x_wconf 89' lang='lat' dir='ltr'><strong>linem</strong></span> <span class='ocrx_word' id='word_1_129' title='bbox 800 2261 929 2343; x_wconf 88' lang='lat' dir='ltr'><strong>videris,</strong></span> <span class='ocrx_word' id='word_1_130' title='bbox 944 2262 1069 2349; x_wconf 78' lang='lat' dir='ltr'><strong>addas]</strong></span> 
     </span>
     <span class='ocr_line' id='line_1_19' title="bbox 290 2369 1273 2457; baseline 0.002 -23"><span class='ocrx_word' id='word_1_131' title='bbox 290 2369 361 2434; x_wconf 88' lang='lat' dir='ltr'><strong>Hoc</strong></span> <span class='ocrx_word' id='word_1_132' title='bbox 377 2386 552 2452; x_wconf 87' lang='lat' dir='ltr'><strong>certamen,</strong></span> <span class='ocrx_word' id='word_1_133' title='bbox 570 2370 620 2434; x_wconf 84' lang='lat' dir='ltr'><strong>uic</strong></span> <span class='ocrx_word' id='word_1_134' title='bbox 638 2387 686 2434; x_wconf 89' lang='lat' dir='ltr'><strong>est</strong></span> <span class='ocrx_word' id='word_1_135' title='bbox 706 2370 809 2453; x_wconf 86' lang='lat' dir='ltr'><strong>labor,</strong></span> <span class='ocrx_word' id='word_1_136' title='bbox 833 2370 900 2434; x_wconf 74' lang='lat' dir='ltr'><strong>haec</strong></span> <span class='ocrx_word' id='word_1_137' title='bbox 920 2385 993 2434; x_wconf 87' lang='lat' dir='ltr'><strong>sunt</strong></span> <span class='ocrx_word' id='word_1_138' title='bbox 1017 2369 1145 2457; x_wconf 62' lang='lat' dir='ltr'><strong>[neemia</strong></span> <span class='ocrx_word' id='word_1_139' title='bbox 1166 2370 1273 2447; x_wconf 79' lang='lat' dir='ltr'><strong>luctae‚;</strong></span> 
     </span>
     <span class='ocr_line' id='line_1_20' title="bbox 160 2474 1118 2567; baseline -0.001 -25"><span class='ocrx_word' id='word_1_140' title='bbox 160 2474 220 2543; x_wconf 84' lang='lat'><strong>150</strong></span> <span class='ocrx_word' id='word_1_141' title='bbox 245 2479 321 2542; x_wconf 87' lang='lat' dir='ltr'><strong>Haec</strong></span> <span class='ocrx_word' id='word_1_142' title='bbox 334 2476 405 2541; x_wconf 85' lang='lat' dir='ltr'><strong>vitae</strong></span> <span class='ocrx_word' id='word_1_143' title='bbox 420 2477 525 2567; x_wconf 79' lang='lat' dir='ltr'><strong>porta,</strong></span> <span class='ocrx_word' id='word_1_144' title='bbox 543 2494 759 2567; x_wconf 70' lang='lat' dir='ltr'><strong>{eternumque</strong></span> <span class='ocrx_word' id='word_1_145' title='bbox 775 2477 935 2567; x_wconf 85' lang='lat' dir='ltr'><strong>ingressus</strong></span> <span class='ocrx_word' id='word_1_146' title='bbox 953 2475 985 2540; x_wconf 92' lang='lat' dir='ltr'><strong>in</strong></span> <span class='ocrx_word' id='word_1_147' title='bbox 1001 2501 1118 2554; x_wconf 78' lang='lat' dir='ltr'><strong>oevum3</strong></span> 
     </span>
     <span class='ocr_line' id='line_1_21' title="bbox 244 2582 1135 2674; baseline -0.002 -25"><span class='ocrx_word' id='word_1_148' title='bbox 244 2586 316 2649; x_wconf 90' lang='lat' dir='ltr'><strong>Hoc</strong></span> <span class='ocrx_word' id='word_1_149' title='bbox 329 2607 480 2674; x_wconf 84' lang='lat' dir='ltr'><strong>magnum</strong></span> <span class='ocrx_word' id='word_1_150' title='bbox 492 2584 579 2649; x_wconf 92' lang='lat' dir='ltr'><strong>Deus</strong></span> <span class='ocrx_word' id='word_1_151' title='bbox 592 2584 795 2674; x_wconf 90' lang='lat' dir='ltr'><strong>omnipotens</strong></span> <span class='ocrx_word' id='word_1_152' title='bbox 812 2600 998 2672; x_wconf 86' lang='lat' dir='ltr'><strong>certumque</strong></span> <span class='ocrx_word' id='word_1_153' title='bbox 1014 2582 1135 2674; x_wconf 62' lang='lat' dir='ltr'><strong>paravit</strong></span> 
     </span>
     <span class='ocr_line' id='line_1_22' title="bbox 242 2690 992 2781; baseline -0.003 -25"><span class='ocrx_word' id='word_1_154' title='bbox 242 2693 257 2755; x_wconf 92' lang='lat' dir='ltr'>J</span> <span class='ocrx_word' id='word_1_155' title='bbox 261 2691 374 2756; x_wconf 85' lang='lat' dir='ltr'><strong>ustitiae</strong></span> <span class='ocrx_word' id='word_1_156' title='bbox 387 2691 536 2780; x_wconf 86' lang='lat' dir='ltr'><strong>pretium.</strong></span> <span class='ocrx_word' id='word_1_157' title='bbox 550 2691 614 2775; x_wconf 91' lang='lat' dir='ltr'><strong>Qui</strong></span> <span class='ocrx_word' id='word_1_158' title='bbox 629 2691 750 2775; x_wconf 80' lang='lat' dir='ltr'><strong>vicerit,</strong></span> <span class='ocrx_word' id='word_1_159' title='bbox 762 2691 813 2755; x_wconf 92' lang='lat' dir='ltr'><strong>ille</strong></span> <span class='ocrx_word' id='word_1_160' title='bbox 828 2690 992 2781; x_wconf 90' lang='lat' dir='ltr'><strong>triumpho</strong></span> 
     </span>
     <span class='ocr_line' id='line_1_23' title="bbox 242 2797 1148 2889; baseline 0.002 -26"><span class='ocrx_word' id='word_1_161' title='bbox 242 2801 352 2885; x_wconf 81' lang='lat' dir='ltr'><strong>Regna</strong></span> <span class='ocrx_word' id='word_1_162' title='bbox 365 2823 422 2889; x_wconf 90' lang='lat' dir='ltr'><strong>per</strong></span> <span class='ocrx_word' id='word_1_163' title='bbox 438 2799 522 2864; x_wconf 87' lang='lat' dir='ltr'><strong>hauc</strong></span> <span class='ocrx_word' id='word_1_164' title='bbox 535 2798 667 2864; x_wconf 89' lang='lat' dir='ltr'><strong>intrabit</strong></span> <span class='ocrx_word' id='word_1_165' title='bbox 685 2823 784 2863; x_wconf 92' lang='lat' dir='ltr'><strong>ovaus</strong></span> <span class='ocrx_word' id='word_1_166' title='bbox 798 2797 993 2863; x_wconf 87' lang='lat' dir='ltr'><strong>sanctissima</strong></span> <span class='ocrx_word' id='word_1_167' title='bbox 1011 2815 1148 2888; x_wconf 87' lang='lat' dir='ltr'><strong>portam.</strong></span> 
     </span>
     <span class='ocr_line' id='line_1_24' title="bbox 286 2904 1076 2996; baseline 0.001 -25"><span class='ocrx_word' id='word_1_168' title='bbox 286 2906 349 2971; x_wconf 90' lang='lat' dir='ltr'><strong>Sed</strong></span> <span class='ocrx_word' id='word_1_169' title='bbox 359 2931 459 2996; x_wconf 91' lang='lat' dir='ltr'><strong>quum</strong></span> <span class='ocrx_word' id='word_1_170' title='bbox 475 2906 655 2996; x_wconf 82' lang='lat' dir='ltr'><strong>prodigium</strong></span> <span class='ocrx_word' id='word_1_171' title='bbox 668 2905 789 2971; x_wconf 88' lang='lat' dir='ltr'><strong>cunctis</strong></span> <span class='ocrx_word' id='word_1_172' title='bbox 807 2904 953 2970; x_wconf 86' lang='lat' dir='ltr'><strong>mirabile</strong></span> <span class='ocrx_word' id='word_1_173' title='bbox 971 2905 1076 2989; x_wconf 84' lang='lat' dir='ltr'><strong>terris,</strong></span> 
     </span>
     <span class='ocr_line' id='line_1_25' title="bbox 157 3009 951 3095; baseline 0.003 -20"><span class='ocrx_word' id='word_1_174' title='bbox 157 3009 217 3078; x_wconf 84' lang='lat'><strong>155</strong></span> <span class='ocrx_word' id='word_1_175' title='bbox 241 3014 382 3077; x_wconf 87' lang='lat' dir='ltr'><strong>Infantes</strong></span> <span class='ocrx_word' id='word_1_176' title='bbox 398 3012 484 3078; x_wconf 87' lang='lat' dir='ltr'><strong>cauis</strong></span> <span class='ocrx_word' id='word_1_177' title='bbox 502 3029 670 3079; x_wconf 89' lang='lat' dir='ltr'><strong>nascentur</strong></span> <span class='ocrx_word' id='word_1_178' title='bbox 686 3012 840 3095; x_wconf 89' lang='lat' dir='ltr'><strong>crinibus,</strong></span> <span class='ocrx_word' id='word_1_179' title='bbox 854 3036 951 3077; x_wconf 90' lang='lat' dir='ltr'><strong>omne</strong></span> 
     </span>
     <span class='ocr_line' id='line_1_26' title="bbox 241 3119 1272 3212; baseline 0.003 -29"><span class='ocrx_word' id='word_1_180' title='bbox 241 3121 333 3184; x_wconf 76' lang='lat' dir='ltr'><strong>&#39;l&#39;unc</strong></span> <span class='ocrx_word' id='word_1_181' title='bbox 348 3142 447 3207; x_wconf 81' lang='lat' dir='ltr'><strong>genus</strong></span> <span class='ocrx_word' id='word_1_182' title='bbox 463 3121 638 3186; x_wconf 89' lang='lat' dir='ltr'><strong>humanum</strong></span> <span class='ocrx_word' id='word_1_183' title='bbox 655 3120 806 3185; x_wconf 88' lang='lat' dir='ltr'><strong>invadent</strong></span> <span class='ocrx_word' id='word_1_184' title='bbox 823 3138 992 3210; x_wconf 82' lang='lat' dir='ltr'><strong>pestesque</strong></span> <span class='ocrx_word' id='word_1_185' title='bbox 1008 3119 1183 3212; x_wconf 77' lang='lat' dir='ltr'><strong>famesque,</strong></span> <span class='ocrx_word' id='word_1_186' title='bbox 1271 3195 1272 3199; x_wconf 7' lang='grc' dir='ltr'>η</span> 
     </span>
     <span class='ocr_line' id='line_1_27' title="bbox 240 3223 1076 3335; baseline 0.006 -46"><span class='ocrx_word' id='word_1_187' title='bbox 240 3223 325 3290; x_wconf 91' lang='lat' dir='ltr'><strong>Bella</strong></span> <span class='ocrx_word' id='word_1_188' title='bbox 337 3225 443 3310; x_wconf 78' lang='lat' dir='ltr'><strong>simul,</strong></span> <span class='ocrx_word' id='word_1_189' title='bbox 457 3252 629 3317; x_wconf 87' lang='lat' dir='ltr'><strong>rerumque</strong></span> <span class='ocrx_word' id='word_1_190' title='bbox 644 3227 739 3312; x_wconf 88' lang='lat' dir='ltr'><strong>vices,</strong></span> <span class='ocrx_word' id='word_1_191' title='bbox 752 3227 984 3317; x_wconf 85' lang='lat' dir='ltr'><strong>lacrimosaque</strong></span> <span class='ocrx_word' id='word_1_192' title='bbox 998 3226 1076 3335; x_wconf 70' lang='lat' dir='ltr'><strong>satq.</strong></span> 
     </span>
     <span class='ocr_line' id='line_1_28' title="bbox 240 3331 1004 3424; baseline 0 -27"><span class='ocrx_word' id='word_1_193' title='bbox 240 3335 350 3398; x_wconf 86' lang='lat' dir='ltr'><strong>Eheu!</strong></span> <span class='ocrx_word' id='word_1_194' title='bbox 367 3350 445 3423; x_wconf 94' lang='lat' dir='ltr'><strong>quot</strong></span> <span class='ocrx_word' id='word_1_195' title='bbox 457 3334 547 3422; x_wconf 87' lang='lat' dir='ltr'><strong>pueri</strong></span> <span class='ocrx_word' id='word_1_196' title='bbox 560 3331 684 3400; x_wconf 90' lang='lat' dir='ltr'><strong>llebunt</strong></span> <span class='ocrx_word' id='word_1_197' title='bbox 699 3333 767 3401; x_wconf 91' lang='lat' dir='ltr'><strong>siue</strong></span> <span class='ocrx_word' id='word_1_198' title='bbox 784 3351 874 3424; x_wconf 89' lang='lat' dir='ltr'><strong>patre</strong></span> <span class='ocrx_word' id='word_1_199' title='bbox 889 3334 1004 3418; x_wconf 81' lang='lat' dir='ltr'><strong>relicti,</strong></span> 
     </span>
     <span class='ocr_line' id='line_1_29' title="bbox 238 3439 1114 3531; baseline 0.002 -27"><span class='ocrx_word' id='word_1_200' title='bbox 238 3439 388 3523; x_wconf 85' lang='lat' dir='ltr'><strong>Flebunt‚</strong></span> <span class='ocrx_word' id='word_1_201' title='bbox 407 3441 487 3506; x_wconf 91' lang='lat' dir='ltr'><strong>heu!</strong></span> <span class='ocrx_word' id='word_1_202' title='bbox 506 3440 665 3530; x_wconf 87' lang='lat' dir='ltr'><strong>scissaque</strong></span> <span class='ocrx_word' id='word_1_203' title='bbox 680 3441 842 3505; x_wconf 90' lang='lat' dir='ltr'><strong>involvent</strong></span> <span class='ocrx_word' id='word_1_204' title='bbox 854 3458 940 3506; x_wconf 85' lang='lat' dir='ltr'><strong>veste</strong></span> <span class='ocrx_word' id='word_1_205' title='bbox 953 3457 1114 3531; x_wconf 84' lang='lat' dir='ltr'><strong>parentes,</strong></span> 
     </span>
     <span class='ocr_line' id='line_1_30' title="bbox 155 3547 940 3631; baseline 0.001 -19"><span class='ocrx_word' id='word_1_206' title='bbox 155 3548 216 3613; x_wconf 88' lang='lat'><strong>160</strong></span> <span class='ocrx_word' id='word_1_207' title='bbox 241 3549 280 3612; x_wconf 86' lang='lat' dir='ltr'><strong>Et</strong></span> <span class='ocrx_word' id='word_1_208' title='bbox 294 3565 386 3613; x_wconf 85' lang='lat' dir='ltr'><strong>terrae</strong></span> <span class='ocrx_word' id='word_1_209' title='bbox 398 3547 499 3612; x_wconf 88' lang='lat' dir='ltr'><strong>altrici</strong></span> <span class='ocrx_word' id='word_1_210' title='bbox 516 3548 715 3614; x_wconf 87' lang='lat' dir='ltr'><strong>mandabunt</strong></span> <span class='ocrx_word' id='word_1_211' title='bbox 729 3571 802 3616; x_wconf 84' lang='lat' dir='ltr'><strong>ossa</strong></span> <span class='ocrx_word' id='word_1_212' title='bbox 816 3548 940 3631; x_wconf 87' lang='lat' dir='ltr'><strong>relicta,</strong></span> 
     </span>
     <span class='ocr_line' id='line_1_31' title="bbox 238 3654 1035 3746; baseline 0.006 -28"><span class='ocrx_word' id='word_1_213' title='bbox 238 3655 371 3720; x_wconf 84' lang='lat' dir='ltr'><strong>Pulvere</strong></span> <span class='ocrx_word' id='word_1_214' title='bbox 384 3654 558 3744; x_wconf 85' lang='lat' dir='ltr'><strong>sanguineo</strong></span> <span class='ocrx_word' id='word_1_215' title='bbox 574 3654 766 3746; x_wconf 79' lang='lat' dir='ltr'><strong>squalentes.</strong></span> <span class='ocrx_word' id='word_1_216' title='bbox 780 3659 808 3722; x_wconf 94' lang='lat'>0</span> <span class='ocrx_word' id='word_1_217' title='bbox 822 3656 904 3722; x_wconf 88' lang='lat' dir='ltr'><strong>mala</strong></span> <span class='ocrx_word' id='word_1_218' title='bbox 925 3658 1035 3723; x_wconf 80' lang='lat' dir='ltr'><strong>saecla!</strong></span> 
     </span>
     <span class='ocr_line' id='line_1_32' title="bbox 238 3759 965 3854; baseline 0.004 -28"><span class='ocrx_word' id='word_1_219' title='bbox 238 3763 267 3826; x_wconf 95' lang='grc' dir='ltr'>Ο</span> <span class='ocrx_word' id='word_1_220' title='bbox 283 3759 377 3828; x_wconf 89' lang='lat' dir='ltr'><strong>nimis</strong></span> <span class='ocrx_word' id='word_1_221' title='bbox 393 3762 495 3828; x_wconf 89' lang='lat' dir='ltr'><strong>insani</strong></span> <span class='ocrx_word' id='word_1_222' title='bbox 508 3788 588 3853; x_wconf 90' lang='lat' dir='ltr'><strong>quos</strong></span> <span class='ocrx_word' id='word_1_223' title='bbox 603 3762 711 3829; x_wconf 87' lang='lat' dir='ltr'><strong>ultima</strong></span> <span class='ocrx_word' id='word_1_224' title='bbox 723 3765 865 3854; x_wconf 84' lang='lat' dir='ltr'><strong>proferet</strong></span> <span class='ocrx_word' id='word_1_225' title='bbox 874 3768 965 3829; x_wconf 75' lang='lat' dir='ltr'><strong>setas!</strong></span> 
     </span>
    </p>
   </div>
   <div class='ocr_carea' id='block_1_3' title="bbox 146 4035 1271 4638">
    <p class='ocr_par' dir='ltr' id='par_1_3' title="bbox 146 4035 1271 4335">
     <span class='ocr_line' id='line_1_33' title="bbox 147 4035 1271 4107; baseline 0.003 -17"><span class='ocrx_word' id='word_1_226' title='bbox 147 4035 274 4107; x_wconf 73' lang='lat' dir='ltr'><strong>fragmenti</strong></span> <span class='ocrx_word' id='word_1_227' title='bbox 293 4038 545 4106; x_wconf 78' lang='lat' dir='ltr'><strong>pseudo-Phoeylivlei.</strong></span> <span class='ocrx_word' id='word_1_228' title='bbox 563 4037 693 4105; x_wconf 79' lang='lat' dir='ltr'><strong>Sequentia</strong></span> <span class='ocrx_word' id='word_1_229' title='bbox 762 4043 817 4090; x_wconf 82' lang='lat'>155.</span> <span class='ocrx_word' id='word_1_230' title='bbox 836 4038 941 4089; x_wconf 81' lang='lat' dir='ltr'><strong>Peritum</strong></span> <span class='ocrx_word' id='word_1_231' title='bbox 955 4039 1002 4089; x_wconf 87' lang='lat' dir='ltr'><strong>hoc</strong></span> <span class='ocrx_word' id='word_1_232' title='bbox 1016 4056 1046 4089; x_wconf 81' lang='lat' dir='ltr'><strong>ex</strong></span> <span class='ocrx_word' id='word_1_233' title='bbox 1057 4039 1140 4105; x_wconf 81' lang='lat' dir='ltr'><strong>aliquo</strong></span> <span class='ocrx_word' id='word_1_234' title='bbox 1152 4057 1217 4092; x_wconf 88' lang='lat' dir='ltr'><strong>nunc</strong></span> <span class='ocrx_word' id='word_1_235' title='bbox 1230 4042 1271 4093; x_wconf 83' lang='lat' dir='ltr'><strong>de·</strong></span> 
     </span>
     <span class='ocr_line' id='line_1_34' title="bbox 146 4114 1271 4183; baseline 0.003 -17"><span class='ocrx_word' id='word_1_236' title='bbox 146 4125 234 4183; x_wconf 84' lang='lat' dir='ltr'><strong>sponte</strong></span> <span class='ocrx_word' id='word_1_237' title='bbox 243 4115 571 4182; x_wconf 77' lang='lat' dir='ltr'><strong>coherentcumprioribus,</strong></span> <span class='ocrx_word' id='word_1_238' title='bbox 580 4118 692 4181; x_wconf 56' lang='lat' dir='ltr'><strong>atmqq..</strong></span> <span class='ocrx_word' id='word_1_239' title='bbox 725 4116 827 4183; x_wconf 87' lang='lat' dir='ltr'><strong>perdito.</strong></span> <span class='ocrx_word' id='word_1_240' title='bbox 837 4115 975 4182; x_wconf 77' lang='lat' dir='ltr'><strong>evangelio:</strong></span> <span class='ocrx_word' id='word_1_241' title='bbox 995 4132 1027 4164; x_wconf 85' lang='lat' dir='ltr'><strong>sn</strong></span> <span class='ocrx_word' id='word_1_242' title='bbox 1040 4114 1171 4183; x_wconf 77' lang='lat' dir='ltr'><strong>AEgyptitt?</strong></span> <span class='ocrx_word' id='word_1_243' title='bbox 1185 4116 1232 4167; x_wconf 83' lang='lat' dir='ltr'><strong>Sed</strong></span> <span class='ocrx_word' id='word_1_244' title='bbox 1246 4128 1271 4169; x_wconf 86' lang='lat' dir='ltr'><strong>et</strong></span> 
     </span>
     <span class='ocr_line' id='line_1_35' title="bbox 147 4181 1269 4259; baseline 0.001 -17"><span class='ocrx_word' id='word_1_245' title='bbox 147 4190 264 4258; x_wconf 78' lang='lat' dir='ltr'><strong>equibus</strong></span> <span class='ocrx_word' id='word_1_246' title='bbox 277 4192 325 4242; x_wconf 87' lang='lat' dir='ltr'><strong>hoc</strong></span> <span class='ocrx_word' id='word_1_247' title='bbox 338 4208 453 4258; x_wconf 86' lang='lat' dir='ltr'><strong>quoque,</strong></span> <span class='ocrx_word' id='word_1_248' title='bbox 471 4181 545 4247; x_wconf 77' lang='grc' dir='ltr'>οὗτος</span> <span class='ocrx_word' id='word_1_249' title='bbox 559 4191 639 4255; x_wconf 79' lang='grc' dir='ltr'>ἁγών,</span> <span class='ocrx_word' id='word_1_250' title='bbox 656 4208 694 4240; x_wconf 88' lang='lat' dir='ltr'><strong>re·</strong></span> <span class='ocrx_word' id='word_1_251' title='bbox 725 4192 789 4258; x_wconf 84' lang='lat' dir='ltr'><strong>spud</strong></span> <span class='ocrx_word' id='word_1_252' title='bbox 805 4191 936 4241; x_wconf 87' lang='lat' dir='ltr'><strong>Hesiodum</strong></span> <span class='ocrx_word' id='word_1_253' title='bbox 956 4191 1040 4248; x_wconf 77' lang='grc' dir='ltr'>παῖδες</span> <span class='ocrx_word' id='word_1_254' title='bbox 1065 4192 1269 4259; x_wconf 76' lang='grc' dir='ltr'>πολιοκρόταφοι,</span> 
     </span>
     <span class='ocr_line' id='line_1_36' title="bbox 146 4266 870 4335; baseline -0.004 -17"><span class='ocrx_word' id='word_1_255' title='bbox 146 4267 251 4335; x_wconf 83' lang='lat' dir='ltr'><strong>petitum</strong></span> <span class='ocrx_word' id='word_1_256' title='bbox 264 4277 308 4318; x_wconf 78' lang='lat' dir='ltr'><strong>cst</strong></span> <span class='ocrx_word' id='word_1_257' title='bbox 327 4266 387 4318; x_wconf 85' lang='lat' dir='ltr'><strong>item</strong></span> <span class='ocrx_word' id='word_1_258' title='bbox 403 4283 457 4335; x_wconf 73' lang='lat' dir='ltr'><strong>que</strong></span> <span class='ocrx_word' id='word_1_259' title='bbox 471 4276 615 4333; x_wconf 86' lang='lat' dir='ltr'><strong>sequuntur,</strong></span> <span class='ocrx_word' id='word_1_260' title='bbox 630 4267 693 4325; x_wconf 71' lang='lat' dir='ltr'><strong>mim</strong></span> <span class='ocrx_word' id='word_1_261' title='bbox 726 4267 798 4334; x_wconf 82' lang='lat' dir='ltr'><strong>Oper.</strong></span> <span class='ocrx_word' id='word_1_262' title='bbox 815 4269 870 4318; x_wconf 78' lang='grc'><strong>181.</strong></span> 
     </span>
    </p>

    <p class='ocr_par' dir='ltr' id='par_1_4' title="bbox 146 4342 1271 4559">
     <span class='ocr_line' id='line_1_37' title="bbox 146 4342 1271 4414; baseline 0.002 -20"><span class='ocrx_word' id='word_1_263' title='bbox 146 4345 210 4404; x_wconf 78' lang='grc' dir='ltr'><strong>ζωῆς</strong></span> <span class='ocrx_word' id='word_1_264' title='bbox 225 4352 250 4394; x_wconf 82' lang='lat' dir='ltr'><strong>et</strong></span> <span class='ocrx_word' id='word_1_265' title='bbox 264 4344 391 4395; x_wconf 72' lang='grc' dir='ltr'>οῑσέλθωοι</span> <span class='ocrx_word' id='word_1_266' title='bbox 413 4345 453 4394; x_wconf 80' lang='grc' dir='ltr'><strong>διὰ</strong></span> <span class='ocrx_word' id='word_1_267' title='bbox 470 4342 571 4400; x_wconf 77' lang='grc' dir='ltr'>ταύτης,</span> <span class='ocrx_word' id='word_1_268' title='bbox 592 4357 692 4409; x_wconf 72' lang='lat' dir='ltr'><strong>respou-</strong></span> <span class='ocrx_word' id='word_1_269' title='bbox 762 4347 816 4395; x_wconf 77' lang='lat'>158.</span> <span class='ocrx_word' id='word_1_270' title='bbox 835 4342 911 4393; x_wconf 86' lang='lat' dir='ltr'><strong>Codd.</strong></span> <span class='ocrx_word' id='word_1_271' title='bbox 925 4342 1008 4411; x_wconf 78' lang='grc' dir='ltr'>χώρας</span> <span class='ocrx_word' id='word_1_272' title='bbox 1020 4343 1061 4394; x_wconf 83' lang='lat' dir='ltr'><strong>vel</strong></span> <span class='ocrx_word' id='word_1_273' title='bbox 1072 4344 1156 4411; x_wconf 78' lang='grc' dir='ltr'><strong>χώρης</strong></span> <span class='ocrx_word' id='word_1_274' title='bbox 1167 4345 1206 4396; x_wconf 85' lang='lat' dir='ltr'><strong>vel</strong></span> <span class='ocrx_word' id='word_1_275' title='bbox 1219 4347 1271 4414; x_wconf 80' lang='grc' dir='ltr'><strong>χῶ·</strong></span> 
     </span>
     <span class='ocr_line' id='line_1_38' title="bbox 146 4417 1271 4485; baseline 0.004 -16"><span class='ocrx_word' id='word_1_276' title='bbox 146 4419 344 4470; x_wconf 78' lang='lat' dir='ltr'><strong>dentedmcrem</strong></span> <span class='ocrx_word' id='word_1_277' title='bbox 353 4418 506 4470; x_wconf 78' lang='lat' dir='ltr'><strong>observatum</strong></span> <span class='ocrx_word' id='word_1_278' title='bbox 516 4418 543 4467; x_wconf 92' lang='lat' dir='ltr'><strong>in</strong></span> <span class='ocrx_word' id='word_1_279' title='bbox 553 4417 692 4467; x_wconf 81' lang='lat' dir='ltr'><strong>certamiui·</strong></span> <span class='ocrx_word' id='word_1_280' title='bbox 724 4436 760 4485; x_wconf 75' lang='grc' dir='ltr'><strong>ρος</strong></span> <span class='ocrx_word' id='word_1_281' title='bbox 773 4434 779 4468; x_wconf 90' lang='lat'><strong>:</strong></span> <span class='ocrx_word' id='word_1_282' title='bbox 791 4435 836 4469; x_wconf 87' lang='lat' dir='ltr'><strong>nos</strong></span> <span class='ocrx_word' id='word_1_283' title='bbox 852 4435 915 4468; x_wconf 86' lang='lat' dir='ltr'><strong>corr.</strong></span> <span class='ocrx_word' id='word_1_284' title='bbox 930 4418 1021 4469; x_wconf 86' lang='lat' dir='ltr'><strong>D&#39;einde</strong></span> <span class='ocrx_word' id='word_1_285' title='bbox 1040 4436 1123 4470; x_wconf 88' lang='lat' dir='ltr'><strong>omnes</strong></span> <span class='ocrx_word' id='word_1_286' title='bbox 1137 4421 1172 4470; x_wconf 75' lang='lat' dir='ltr'><strong>ivl</strong></span> <span class='ocrx_word' id='word_1_287' title='bbox 1190 4424 1271 4482; x_wconf 74' lang='grc' dir='ltr'>θοινή·</span> 
     </span>
     <span class='ocr_line' id='line_1_39' title="bbox 146 4494 1230 4559; baseline -0.001 -13"><span class='ocrx_word' id='word_1_288' title='bbox 146 4494 192 4546; x_wconf 81' lang='lat' dir='ltr'><strong>bes</strong></span> <span class='ocrx_word' id='word_1_289' title='bbox 203 4494 327 4546; x_wconf 74' lang='lat' dir='ltr'><strong>iselasticis</strong></span> <span class='ocrx_word' id='word_1_290' title='bbox 340 4510 347 4546; x_wconf 79' lang='lat' dir='ltr'><strong>t</strong></span> <span class='ocrx_word' id='word_1_291' title='bbox 359 4495 416 4546; x_wconf 79' lang='lat' dir='ltr'><strong>vide</strong></span> <span class='ocrx_word' id='word_1_292' title='bbox 429 4504 482 4546; x_wconf 84' lang='lat' dir='ltr'><strong>not.</strong></span> <span class='ocrx_word' id='word_1_293' title='bbox 724 4511 819 4554; x_wconf 76' lang='lat' dir='ltr'><strong>oovms,</strong></span> <span class='ocrx_word' id='word_1_294' title='bbox 829 4495 864 4546; x_wconf 88' lang='lat' dir='ltr'><strong>sic</strong></span> <span class='ocrx_word' id='word_1_295' title='bbox 875 4494 960 4546; x_wconf 87' lang='lat' dir='ltr'><strong>divise.</strong></span> <span class='ocrx_word' id='word_1_296' title='bbox 1225 4546 1230 4559; x_wconf 68' lang='grc'><em>,</em></span> 
     </span>
    </p>

    <p class='ocr_par' dir='ltr' id='par_1_5' title="bbox 181 4569 1196 4638">
     <span class='ocr_line' id='line_1_40' title="bbox 181 4569 1196 4638; baseline 0.003 -16"><span class='ocrx_word' id='word_1_297' title='bbox 181 4573 238 4624; x_wconf 75' lang='grc'><strong>152.</strong></span> <span class='ocrx_word' id='word_1_298' title='bbox 255 4569 333 4623; x_wconf 68' lang='lat' dir='ltr'><strong>codd.</strong></span> <span class='ocrx_word' id='word_1_299' title='bbox 348 4571 447 4631; x_wconf 70' lang='lat' dir='ltr'><strong>lomes.</strong></span> <span class='ocrx_word' id='word_1_300' title='bbox 759 4574 815 4621; x_wconf 73' lang='lat' dir='ltr'><strong>tet.</strong></span> <span class='ocrx_word' id='word_1_301' title='bbox 834 4570 911 4622; x_wconf 79' lang='lat' dir='ltr'><strong>codd.</strong></span> <span class='ocrx_word' id='word_1_302' title='bbox 928 4573 953 4622; x_wconf 77' lang='lat' dir='ltr'><strong>le</strong></span> <span class='ocrx_word' id='word_1_303' title='bbox 968 4572 1065 4638; x_wconf 74' lang='grc' dir='ltr'><strong>φάρεσι,</strong></span> <span class='ocrx_word' id='word_1_304' title='bbox 1081 4571 1133 4624; x_wconf 87' lang='lat' dir='ltr'><strong>siue</strong></span> <span class='ocrx_word' id='word_1_305' title='bbox 1146 4575 1196 4625; x_wconf 80' lang='grc' dir='ltr'><strong>καί.</strong></span> 
     </span>
    </p>
   </div>
   <div class='ocr_carea' id='block_1_4' title="bbox 0 0 1598 5310">
    <p class='ocr_par' dir='ltr' id='par_1_6' title="bbox 0 0 1598 5310">
     <span class='ocr_line' id='line_1_41' title="bbox 0 0 1598 5310; baseline 0 3"><span class='ocrx_word' id='word_1_306' title='bbox 0 0 1598 5310; x_wconf 95' lang='lat' dir='ltr'><strong> </strong></span> 
     </span>
    </p>
   </div>
  </div>
 </body>
</html>
