3186 5310
306 405 364 464 m
629 341 895 463 {mmmm
917 401 1044 462 6οΓοΣ
1064 402 1098 463 Γ.

308 554 374 622 660
414 555 484 618 Τῶν
499 550 622 643 ἀγαθῶν
638 550 816 625 πλήθουσα·
834 550 885 618 καὶ
905 543 1051 642 ἄρξονται
1066 553 1209 634 βασιλῆες

408 643 562 735 Ᾱλλύλοις
577 659 706 742 κοτίειν,
723 659 929 751 ἐπαμύνοντας
947 655 1028 724 κακά
1044 657 1141 747 θυμῷ.

417 748 446 829 Θ
463 763 570 855 φθόνος
586 767 642 831 οὐκ
656 763 769 858 ἀγαθὸν
788 767 916 831 πέλεται
934 756 1059 830 δειλοῖσι
1080 766 1250 856 βροτοῖσιν.

469 857 559 937 ἀλλὰ
577 868 670 936 πάλιν
687 873 828 954 βασιλῆες
843 870 934 937 ἐθνῶν
948 869 998 936 ἐπὶ
1013 861 1104 947 τύνδε
1120 892 1154 934 τε
1171 874 1264 961 γαῖαν

416 959 528 1069 Ᾰθροοι
544 978 745 1071 όρμιόσονται,
761 983 881 1053 ἑαυτοῖς
901 986 980 1069 κῆρα
998 978 1146 1068 φέροντες.

310 1080 375 1148 665
417 1082 514 1154 Σηκὸν
528 1078 587 1177 γάρ
603 1082 749 1176 μεγάλοιο
765 1087 845 1150 Θεοῦ
863 1082 914 1149 καὶ
933 1092 1038 1172 φῶτας
1055 1081 1193 1173 ἀρίστους

417 1190 544 1281 Πορθεῖν
560 1192 778 1274 βουλήσονται,
794 1188 926 1263 ὁπηνίκα
942 1195 1032 1282 γαῖαν
1051 1189 1190 1254 ἵκωνται.

416 1297 551 1364 Θύσουσι
569 1298 671 1383 κύκλῳ
690 1295 808 1374 πόλεως
827 1294 930 1388 μιαροὶ
950 1299 1107 1382 βασιλῆες,

350 1455 353 1467 ,
415 1404 477 1468 Τὸν
494 1404 598 1498 θρόνον
615 1408 712 1470 αὐτοῦ
726 1406 853 1481 ἕκαστος
868 1404 944 1493 ἔχων
960 1403 1011 1468 καὶ
1028 1404 1102 1469 λαύν
1117 1401 1238 1476 ἀπειθῆ.

415 1506 479 1574 Καί
499 1516 536 1602 ῥα
548 1512 625 1588 Θεὸς
636 1520 720 1605 φωνῇ
739 1506 856 1603 μεγάλγ.
873 1510 947 1602 πρὸς
964 1508 1069 1577 πάντα
1082 1512 1209 1582 λαλησει

308 1615 375 1704 670
415 1616 498 1681 Λαδν
515 1607 718 1699 ἀπαίδευτον,
742 1614 935 1706 κενεόφρονα,
948 1612 999 1680 καὶ
1017 1613 1113 1708 κρίσις
1132 1618 1233 1694 αὐτοῖς

302 1804 307 1813 ⁸
415 1702 550 1788 άσσεται
569 1724 603 1788 ἐκ
622 1721 767 1814 μεγάλοιο
785 1725 876 1801 Θεοῦ,
894 1721 947 1788 καὶ
967 1720 1082 1798 πάντες
1101 1727 1241 1788 ὀλοῦνται

416 1829 524 1918 Χειρὸς
537 1829 592 1895 ἀπ’
605 1827 781 1896 ἀθανάτοιο.
799 1815 862 1893 Ᾰπ’
875 1826 1031 1918 οὐρανόθεν
1047 1818 1081 1893 δὲ
1095 1837 1260 1895 πεσοῦνται

414 1918 568 2025 Ρομφαῒαι
592 1935 710 2028 πύρινοι
729 1932 809 2000 κατά
827 1939 938 2026 γαῖαν·
956 1926 1119 2025 λαμπάδες
1136 1929 1174 2000 αὖ
1190 1959 1226 2027 γε

414 2022 535 2117 Ῐξονται
549 2041 693 2135 μεγάλαι,
705 2041 886 2131 λάμπουσαι
907 2038 947 2119 εἰς
966 2042 1057 2131 μέσον
1074 2032 1205 2132 ἀνδρῶν.

153 2203 162 2213 ,
273 2146 372 2236 ’675
469 2148 550 2214 Γαῖα
569 2140 603 2214 δὲ
621 2149 842 2241 παγγενέτειρα
858 2149 1035 2213 σαλεύσεται
1052 2147 1150 2238 ἤμασι
1166 2146 1274 2225 κείνοις

414 2255 523 2345 Χειρὸς
541 2254 596 2321 ἀπ’
615 2254 794 2339 ἀθανάτοιο,
811 2253 863 2320 καὶ
879 2253 978 2345 ἰχθύες
993 2252 1022 2319 οἱ
1039 2251 1122 2319 κατὰ
1136 2254 1260 2337 πόντον,

417 2360 529 2426 Πάντα
544 2353 579 2425 δὲ
597 2359 686 2449 θηρία
699 2370 767 2453 γῆς,
784 2352 835 2437 ἠδ’
855 2356 977 2432 άσπετα
995 2363 1075 2450 φῦλα
1094 2365 1249 2442 πετεινῶν,

413 2469 517 2532 Πᾶσαι
533 2458 561 2532 δ’
575 2467 741 2558 ἀνθρώπων
760 2463 867 2557 ψυχαὶ,
887 2465 939 2532 καὶ
959 2469 1045 2533 πάσα
1064 2466 1205 2532 θάλασσα

412 2565 513 2665 Φρίξει
527 2574 578 2638 ὐπ’
594 2570 757 2639 ἀθανάτοιο
776 2573 957 2662 προσώπου,
979 2571 1031 2638 καὶ
1048 2566 1142 2662 φόόος
1157 2573 1256 2639 ἔσται.

304 2678 371 2744 680
412 2664 588 2756 Πλιόάτους
607 2676 740 2770 κορυφάς
760 2682 787 2742 τ’
806 2681 897 2770 ὀρέων
918 2681 1043 2762 βουνούς
1060 2704 1093 2743 τε
1108 2681 1250 2770 πελώριον

411 2770 514 2868 Met,
529 2783 654 2851 κυάνεόν
674 2788 702 2849 τ’
722 2765 837 2876 Πρεύος
856 2784 1004 2851 πάντεσσι
1024 2791 1174 2874 φανεῖται.

412 2873 519 2982 Πέριαι
533 2881 568 2955 δὲ
585 2892 738 2983 φάραγγες
754 2895 784 2956 ἐν
806 2889 920 2981 ούρεσιν
939 2888 1095 2979 ὑψηλοῖσιν

410 2976 566 3062 Πσσονται
584 3002 708 3090 πλήρεις
723 3000 852 3062 νεκύων·
875 2998 1008 3089 βεύσουσι
1029 2988 1063 3063 δὲ
1081 3000 1191 3086 πέτραι

408 3103 540 3195 Αἵματι,
554 3102 606 3169 καὶ
625 3094 731 3169 πεδίον
746 3106 899 3192 πληρώσει
913 3107 999 3169 πᾶσα
1018 3097 1172 3194 χαράδρα.

302 3209 366 3276 685
408 3206 521 3300 Τείχεα
539 3200 569 3274 δ’
588 3209 733 3283 εὐποίητα
752 3208 850 3301 χαμαὶ
864 3201 1025 3276 πεσίονται
1042 3208 1168 3275 άπαντα

409 3304 478 3381 Ᾰνδ
482 3325 538 3408 ρῶν
556 3305 740 3406 δυσμενέων,
756 3318 803 3382 ότι
821 3316 872 3382 τὸν
886 3315 978 3406 νόμον
998 3319 1054 3382 οὐκ
1072 3317 1218 3409 ἔγνωσαν,

411 3413 496 3487 Οὐδὲ
509 3422 604 3513 κρίσιν
619 3423 764 3515 μεγοῶοιο
780 3421 872 3504 Θεοῦ,
885 3413 954 3488 αλλ’
969 3420 1075 3512 άφρονι
1092 3423 1179 3514 θυμῷ

407 3529 529 3605 Πάντες
548 3527 764 3619 ἐφορμηθέντες
778 3529 823 3617 ἐφ’
839 3528 913 3620 ἱερὸν
931 3529 1024 3620 ἤρατε
1041 3528 1171 3622 λόγχας.

408 3635 475 3702 Καὶ
489 3633 581 3726 κρίνει
595 3631 712 3712 πάντας
730 3637 855 3724 πολέμῳ
868 3634 957 3712 Θεὸς,
972 3627 1029 3711 η’δὲ
1044 3635 1192 3730 μαχαίρῃ,

301 3744 323 3809 6
406 3740 467 3806 K*
545 3739 552 3762 “
631 3738 664 3764 ““
712 3751 729 3764 ”
925 3742 934 3763 '
1035 3765 1044 3782 ·
1100 3742 1144 3765 ⁸⁹

180 3818 193 3829 ,
324 3768 367 3832 90
439 3768 470 3807 αι
483 3765 568 3832 πυρι,
590 3764 641 3807 και
653 3765 733 3828 υετῳ
748 3765 782 3806 τε
795 3735 1020 3819 κατακλυζοντι
1059 3768 1111 3807 και
1127 3767 1211 3810 εσται

407 3852 494 3915 Θεῖον
517 3846 734 3939 ἀπυυρανόθεν,
754 3844 848 3938 αὐτάρ
868 3847 966 3935 λίθος,
982 3838 1038 3922 ηδὲ
1056 3840 1176 3940 χάλαζα

377 4005 381 4019 .
404 3955 511 4028 Πολλὴ
531 3953 584 4021 καὶ
596 3954 739 4045 χαλεπά·
755 3951 886 4030 θάνατος
905 3945 935 4019 δ’
954 3954 1003 4020 ἐπὶ
1022 3947 1190 4045 τετράποδ
1204 3955 1306 4022 ἔσται.

298 4155 329 4165 -
345 4130 403 4187 663,
423 4126 552 4193 sqq.,1pse
570 4127 707 4193 conjuratos
722 4125 853 4176 debellabit
866 4141 946 4192 rega,
963 4128 1102 4193 conjuratos
1115 4144 1202 4196 nempe
1222 4130 1249 4179 in
1264 4129 1373 4180 ludum
1391 4139 1417 4180 et

297 4222 406 4263 anetam
422 4212 510 4262 urbem
529 4211 629 4277 ejusque
642 4211 760 4277 templum
779 4209 828 4275 [sie
841 4226 924 4260 rursus
942 4221 1026 4277 εμετιε
1046 4211 1152 4278 Noster]¹
1164 4241 1196 4250 -
1210 4216 1267 4272 6³5,
1288 4229 1339 4280 sqq.
1349 4213 1417 4264 Finis

331 4354 390 4404 εσυ.
408 4347 736 4415 υεεοιςωεωωιιεουω
747 4348 842 4416 regibus
906 4315 963 4400 σοι.
980 4348 1021 4399 συ
1033 4348 1112 4412 infra,
1123 4351 1187 4411 τοι,
1200 4349 1239 4400 ιιι
1251 4352 1323 4410 τηου
1335 4351 1415 4413 πιιο,

296 4426 343 4478 cfr.
358 4425 446 4476 Palm.
460 4427 511 4476 20
520 4423 654 4490 Prophetas
667 4425 763 4490 patim.
873 4424 903 4474 de
912 4424 1005 4475 ludu.

332 4504 391 4553 002.
409 4499 448 4550 An
461 4516 491 4551 ex
505 4500 588 4565 aliquo
599 4499 726 4566 guomico?
908 4502 966 4559 667,
982 4515 1019 4566 sq.
1033 4499 1069 4549 Ex
1077 4499 1191 4562 θετεαύι,
1204 4517 1260 4567 σιμ.
1273 4503 1296 4561 1,
1306 4518 1329 4550 ν.
1346 4504 1385 4553 15.
