<?xml version="1.0" encoding="UTF-8"?>
<!DOCTYPE html PUBLIC "-//W3C//DTD XHTML 1.0 Transitional//EN"
    "http://www.w3.org/TR/xhtml1/DTD/xhtml1-transitional.dtd">
<html xmlns="http://www.w3.org/1999/xhtml" xml:lang="en" lang="en">
 <head>
  <title>
</title>
<meta http-equiv="Content-Type" content="text/html;charset=utf-8" />
  <meta name='ocr-system' content='tesseract 3.04.00' />
  <meta name='ocr-capabilities' content='ocr_page ocr_carea ocr_par ocr_line ocrx_word'/>
</head>
<body>
  <div class='ocr_page' id='page_1' title='image "./oraculasibyllin00alexgoog/oraculasibyllin00alexgoog_0021.png"; bbox 0 0 3186 5310; ppageno 0'>
   <div class='ocr_carea' id='block_1_1' title="bbox 156 383 818 447">
    <p class='ocr_par' dir='ltr' id='par_1_1' title="bbox 156 383 818 447">
     <span class='ocr_line' id='line_1_1' title="bbox 156 383 818 447; baseline 0 0"><span class='ocrx_word' id='word_1_1' title='bbox 156 403 206 447; x_wconf 75' lang='lat' dir='ltr'><strong>xiv</strong></span> <span class='ocrx_word' id='word_1_2' title='bbox 604 383 818 447; x_wconf 74' lang='lat' dir='ltr'><strong>PRAEFATIO.</strong></span> 
     </span>
    </p>
   </div>
   <div class='ocr_carea' id='block_1_2' title="bbox 111 514 1272 4377">
    <p class='ocr_par' dir='ltr' id='par_1_2' title="bbox 244 514 996 609">
     <span class='ocr_line' id='line_1_2' title="bbox 244 514 996 609; baseline 0.003 -26"><span class='ocrx_word' id='word_1_3' title='bbox 244 517 287 584; x_wconf 90' lang='lat' dir='ltr'><strong>Et</strong></span> <span class='ocrx_word' id='word_1_4' title='bbox 298 540 360 608; x_wconf 90' lang='lat' dir='ltr'><strong>qua</strong></span> <span class='ocrx_word' id='word_1_5' title='bbox 376 516 425 582; x_wconf 92' lang='lat' dir='ltr'><strong>sol</strong></span> <span class='ocrx_word' id='word_1_6' title='bbox 441 514 555 599; x_wconf 83' lang='lat' dir='ltr'><strong>radiat,</strong></span> <span class='ocrx_word' id='word_1_7' title='bbox 569 531 676 583; x_wconf 88' lang='lat' dir='ltr'><strong>totum</strong></span> <span class='ocrx_word' id='word_1_8' title='bbox 687 517 796 609; x_wconf 90' lang='lat' dir='ltr'><strong>regina</strong></span> <span class='ocrx_word' id='word_1_9' title='bbox 811 541 870 608; x_wconf 91' lang='lat' dir='ltr'><strong>per</strong></span> <span class='ocrx_word' id='word_1_10' title='bbox 882 519 996 585; x_wconf 86' lang='lat' dir='ltr'><strong>orbem</strong></span> 
     </span>
    </p>

    <p class='ocr_par' dir='ltr' id='par_1_3' title="bbox 242 622 993 713">
     <span class='ocr_line' id='line_1_3' title="bbox 242 622 993 713; baseline 0.003 -22"><span class='ocrx_word' id='word_1_11' title='bbox 242 624 348 710; x_wconf 88' lang='lat' dir='ltr'><strong>Dicta,</strong></span> <span class='ocrx_word' id='word_1_12' title='bbox 365 625 472 690; x_wconf 88' lang='lat' dir='ltr'><strong>trahet</strong></span> <span class='ocrx_word' id='word_1_13' title='bbox 486 622 636 690; x_wconf 89' lang='lat' dir='ltr'><strong>miseram</strong></span> <span class='ocrx_word' id='word_1_14' title='bbox 651 625 737 691; x_wconf 87' lang='lat' dir='ltr'><strong>fatali</strong></span> <span class='ocrx_word' id='word_1_15' title='bbox 752 625 842 692; x_wconf 92' lang='lat' dir='ltr'><strong>clade</strong></span> <span class='ocrx_word' id='word_1_16' title='bbox 855 625 993 713; x_wconf 91' lang='lat' dir='ltr'><strong>ruinam,</strong></span> 
     </span>
    </p>

    <p class='ocr_par' dir='ltr' id='par_1_4' title="bbox 147 730 1272 2333">
     <span class='ocr_line' id='line_1_4' title="bbox 241 730 1045 824; baseline 0.004 -27"><span class='ocrx_word' id='word_1_17' title='bbox 241 734 317 798; x_wconf 90' lang='lat' dir='ltr'><strong>Non</strong></span> <span class='ocrx_word' id='word_1_18' title='bbox 332 731 374 797; x_wconf 91' lang='lat' dir='ltr'><strong>ad</strong></span> <span class='ocrx_word' id='word_1_19' title='bbox 389 730 578 820; x_wconf 87' lang='lat' dir='ltr'><strong>multivagos</strong></span> <span class='ocrx_word' id='word_1_20' title='bbox 593 731 698 822; x_wconf 90' lang='lat' dir='ltr'><strong>legem</strong></span> <span class='ocrx_word' id='word_1_21' title='bbox 714 749 882 797; x_wconf 76' lang='lat' dir='ltr'><strong>ostensura</strong></span> <span class='ocrx_word' id='word_1_22' title='bbox 899 750 1045 824; x_wconf 80' lang='lat' dir='ltr'><strong>nepotes.</strong></span> 
     </span>
     <span class='ocr_line' id='line_1_5' title="bbox 154 839 1268 936; baseline 0.005 -30"><span class='ocrx_word' id='word_1_23' title='bbox 154 841 281 906; x_wconf 88' lang='lat' dir='ltr'><strong>Horum</strong></span> <span class='ocrx_word' id='word_1_24' title='bbox 307 839 482 906; x_wconf 89' lang='lat' dir='ltr'><strong>secuudum</strong></span> <span class='ocrx_word' id='word_1_25' title='bbox 504 855 734 929; x_wconf 82' lang='lat' dir='ltr'><strong>sequentesque</strong></span> <span class='ocrx_word' id='word_1_26' title='bbox 755 863 864 906; x_wconf 86' lang='lat' dir='ltr'><strong>versus</strong></span> <span class='ocrx_word' id='word_1_27' title='bbox 881 841 1019 907; x_wconf 88' lang='lat' dir='ltr'><strong>Castalio</strong></span> <span class='ocrx_word' id='word_1_28' title='bbox 1038 843 1268 936; x_wconf 88' lang='lat' dir='ltr'>Sibyllinorum</span> 
     </span>
     <span class='ocr_line' id='line_1_6' title="bbox 153 946 1266 1039; baseline 0.007 -27"><span class='ocrx_word' id='word_1_29' title='bbox 153 947 259 1014; x_wconf 84' lang='lat' dir='ltr'><strong>editor</strong></span> <span class='ocrx_word' id='word_1_30' title='bbox 270 946 351 1013; x_wconf 89' lang='lat' dir='ltr'><strong>alter</strong></span> <span class='ocrx_word' id='word_1_31' title='bbox 366 947 550 1039; x_wconf 88' lang='lat' dir='ltr'><strong>primusque</strong></span> <span class='ocrx_word' id='word_1_32' title='bbox 565 946 722 1037; x_wconf 87' lang='lat' dir='ltr'><strong>interpres</strong></span> <span class='ocrx_word' id='word_1_33' title='bbox 738 946 875 1014; x_wconf 89' lang='lat' dir='ltr'><strong>fidenter</strong></span> <span class='ocrx_word' id='word_1_34' title='bbox 897 948 937 1014; x_wconf 90' lang='lat' dir='ltr'><strong>ad</strong></span> <span class='ocrx_word' id='word_1_35' title='bbox 962 952 1126 1018; x_wconf 84' lang='lat' dir='ltr'><strong>Romanos</strong></span> <span class='ocrx_word' id='word_1_36' title='bbox 1145 953 1266 1039; x_wconf 89' lang='lat' dir='ltr'><strong>retulit,</strong></span> 
     </span>
     <span class='ocr_line' id='line_1_7' title="bbox 151 1051 1266 1143; baseline 0.008 -25"><span class='ocrx_word' id='word_1_37' title='bbox 151 1053 312 1143; x_wconf 90' lang='lat' dir='ltr'><strong>adscripto</strong></span> <span class='ocrx_word' id='word_1_38' title='bbox 326 1054 368 1119; x_wconf 90' lang='lat' dir='ltr'><strong>ad</strong></span> <span class='ocrx_word' id='word_1_39' title='bbox 382 1053 558 1143; x_wconf 86' lang='lat' dir='ltr'><strong>marginem</strong></span> <span class='ocrx_word' id='word_1_40' title='bbox 571 1055 683 1118; x_wconf 85' lang='lat' dir='ltr'><strong>Romae</strong></span> <span class='ocrx_word' id='word_1_41' title='bbox 697 1051 839 1138; x_wconf 88' lang='lat' dir='ltr'><strong>nominc,</strong></span> <span class='ocrx_word' id='word_1_42' title='bbox 862 1070 895 1118; x_wconf 90' lang='lat' dir='ltr'><strong>et</strong></span> <span class='ocrx_word' id='word_1_43' title='bbox 906 1071 993 1121; x_wconf 88' lang='lat' dir='ltr'><strong>recte</strong></span> <span class='ocrx_word' id='word_1_44' title='bbox 1007 1084 1015 1121; x_wconf 75' lang='grc' dir='ltr'><strong>ε</strong></span> <span class='ocrx_word' id='word_1_45' title='bbox 1030 1081 1105 1124; x_wconf 93' lang='lat' dir='ltr'><strong>nam</strong></span> <span class='ocrx_word' id='word_1_46' title='bbox 1119 1059 1150 1124; x_wconf 94' lang='lat' dir='ltr'><strong>in</strong></span> <span class='ocrx_word' id='word_1_47' title='bbox 1170 1062 1266 1127; x_wconf 90' lang='lat' dir='ltr'><strong>tertio</strong></span> 
     </span>
     <span class='ocr_line' id='line_1_8' title="bbox 151 1160 1267 1256; baseline 0.006 -28"><span class='ocrx_word' id='word_1_48' title='bbox 151 1186 244 1228; x_wconf 80' lang='lat' dir='ltr'><strong>versu</strong></span> <span class='ocrx_word' id='word_1_49' title='bbox 258 1161 497 1229; x_wconf 83' lang='lat' dir='ltr'><strong>hemistichium</strong></span> <span class='ocrx_word' id='word_1_50' title='bbox 512 1161 598 1227; x_wconf 90' lang='lat' dir='ltr'><strong>istud</strong></span> <span class='ocrx_word' id='word_1_51' title='bbox 613 1192 626 1220; x_wconf 76' lang='grc' dir='ltr'>ι</span> <span class='ocrx_word' id='word_1_52' title='bbox 642 1160 804 1252; x_wconf 84' lang='lat' dir='ltr'><strong>servisque</strong></span> <span class='ocrx_word' id='word_1_53' title='bbox 814 1177 920 1227; x_wconf 88' lang='lat' dir='ltr'><strong>creata</strong></span> <span class='ocrx_word' id='word_1_54' title='bbox 937 1194 966 1248; x_wconf 79' lang='grc' dir='ltr'><strong>ι,</strong></span> <span class='ocrx_word' id='word_1_55' title='bbox 980 1189 1045 1229; x_wconf 92' lang='lat' dir='ltr'><strong>non</strong></span> <span class='ocrx_word' id='word_1_56' title='bbox 1056 1183 1163 1256; x_wconf 90' lang='lat' dir='ltr'><strong>potest</strong></span> <span class='ocrx_word' id='word_1_57' title='bbox 1175 1169 1267 1235; x_wconf 90' lang='lat' dir='ltr'><strong>aliter</strong></span> 
     </span>
     <span class='ocr_line' id='line_1_9' title="bbox 150 1269 1264 1365; baseline 0.004 -29"><span class='ocrx_word' id='word_1_58' title='bbox 150 1269 299 1362; x_wconf 89' lang='lat' dir='ltr'><strong>quamde</strong></span> <span class='ocrx_word' id='word_1_59' title='bbox 310 1269 468 1336; x_wconf 84' lang='lat' dir='ltr'><strong>Romuleo</strong></span> <span class='ocrx_word' id='word_1_60' title='bbox 479 1269 569 1359; x_wconf 91' lang='lat' dir='ltr'><strong>asylo</strong></span> <span class='ocrx_word' id='word_1_61' title='bbox 581 1269 664 1359; x_wconf 87' lang='lat' dir='ltr'><strong>capi.</strong></span> <span class='ocrx_word' id='word_1_62' title='bbox 680 1271 792 1359; x_wconf 89' lang='lat' dir='ltr'><strong>ltaque</strong></span> <span class='ocrx_word' id='word_1_63' title='bbox 804 1286 916 1336; x_wconf 91' lang='lat' dir='ltr'><strong>auctor</strong></span> <span class='ocrx_word' id='word_1_64' title='bbox 926 1270 998 1336; x_wconf 92' lang='lat' dir='ltr'><strong>libri</strong></span> <span class='ocrx_word' id='word_1_65' title='bbox 1009 1273 1069 1356; x_wconf 84' lang='lat' dir='ltr'><strong>xl,</strong></span> <span class='ocrx_word' id='word_1_66' title='bbox 1088 1296 1163 1362; x_wconf 88' lang='lat'>199,</span> <span class='ocrx_word' id='word_1_67' title='bbox 1176 1298 1264 1365; x_wconf 88' lang='lat' dir='ltr'><strong>sqq.,</strong></span> 
     </span>
     <span class='ocr_line' id='line_1_10' title="bbox 150 1377 1266 1471; baseline 0.004 -26"><span class='ocrx_word' id='word_1_68' title='bbox 150 1403 250 1471; x_wconf 91' lang='lat' dir='ltr'><strong>quum</strong></span> <span class='ocrx_word' id='word_1_69' title='bbox 261 1379 346 1445; x_wconf 90' lang='lat' dir='ltr'><strong>hunc</strong></span> <span class='ocrx_word' id='word_1_70' title='bbox 356 1401 484 1444; x_wconf 87' lang='lat' dir='ltr'><strong>versum</strong></span> <span class='ocrx_word' id='word_1_71' title='bbox 496 1377 529 1442; x_wconf 93' lang='lat' dir='ltr'><strong>in</strong></span> <span class='ocrx_word' id='word_1_72' title='bbox 541 1401 635 1443; x_wconf 91' lang='lat' dir='ltr'><strong>suum</strong></span> <span class='ocrx_word' id='word_1_73' title='bbox 646 1400 774 1442; x_wconf 87' lang='lat' dir='ltr'><strong>carmen</strong></span> <span class='ocrx_word' id='word_1_74' title='bbox 785 1380 974 1447; x_wconf 89' lang='lat' dir='ltr'><strong>translatum</strong></span> <span class='ocrx_word' id='word_1_75' title='bbox 989 1381 1028 1446; x_wconf 91' lang='lat' dir='ltr'><strong>de</strong></span> <span class='ocrx_word' id='word_1_76' title='bbox 1038 1382 1221 1448; x_wconf 81' lang='lat' dir='ltr'><strong>Alexandro</strong></span> <span class='ocrx_word' id='word_1_77' title='bbox 1233 1401 1266 1449; x_wconf 90' lang='lat' dir='ltr'><strong>et</strong></span> 
     </span>
     <span class='ocr_line' id='line_1_11' title="bbox 149 1483 1265 1578; baseline 0.004 -26"><span class='ocrx_word' id='word_1_78' title='bbox 149 1487 382 1553; x_wconf 87' lang='lat' dir='ltr'><strong>Macedonibus</strong></span> <span class='ocrx_word' id='word_1_79' title='bbox 397 1485 541 1576; x_wconf 83' lang='lat' dir='ltr'><strong>accipere</strong></span> <span class='ocrx_word' id='word_1_80' title='bbox 554 1484 661 1566; x_wconf 87' lang='lat' dir='ltr'><strong>vellet,</strong></span> <span class='ocrx_word' id='word_1_81' title='bbox 678 1483 790 1549; x_wconf 88' lang='lat' dir='ltr'><strong>ultima</strong></span> <span class='ocrx_word' id='word_1_82' title='bbox 809 1486 908 1551; x_wconf 85' lang='lat' dir='ltr'><strong>verba</strong></span> <span class='ocrx_word' id='word_1_83' title='bbox 928 1488 1116 1578; x_wconf 84' lang='lat' dir='ltr'><strong>suppressit.</strong></span> <span class='ocrx_word' id='word_1_84' title='bbox 1135 1492 1265 1558; x_wconf 75' lang='lat' dir='ltr'><strong>Frustra</strong></span> 
     </span>
     <span class='ocr_line' id='line_1_12' title="bbox 147 1592 1264 1682; baseline 0.004 -22"><span class='ocrx_word' id='word_1_85' title='bbox 147 1594 305 1662; x_wconf 89' lang='lat' dir='ltr'><strong>labomvit</strong></span> <span class='ocrx_word' id='word_1_86' title='bbox 322 1594 473 1664; x_wconf 87' lang='lat' dir='ltr'><strong>Ewaldus</strong></span> <span class='ocrx_word' id='word_1_87' title='bbox 491 1592 637 1679; x_wconf 88' lang='lat' dir='ltr'><strong>(Dissert.</strong></span> <span class='ocrx_word' id='word_1_88' title='bbox 652 1617 725 1682; x_wconf 85' lang='lat' dir='ltr'><strong>pag.</strong></span> <span class='ocrx_word' id='word_1_89' title='bbox 749 1593 802 1682; x_wconf 86' lang='lat' dir='ltr'><strong>ra)</strong></span> <span class='ocrx_word' id='word_1_90' title='bbox 820 1611 855 1659; x_wconf 93' lang='lat' dir='ltr'><strong>ut</strong></span> <span class='ocrx_word' id='word_1_91' title='bbox 877 1594 965 1661; x_wconf 92' lang='lat' dir='ltr'><strong>illam</strong></span> <span class='ocrx_word' id='word_1_92' title='bbox 989 1620 1154 1664; x_wconf 82' lang='lat' dir='ltr'><strong>serrorum</strong></span> <span class='ocrx_word' id='word_1_93' title='bbox 1171 1624 1264 1665; x_wconf 90' lang='lat' dir='ltr'><strong>men·</strong></span> 
     </span>
     <span class='ocr_line' id='line_1_13' title="bbox 148 1700 1272 1791; baseline 0.004 -23"><span class='ocrx_word' id='word_1_94' title='bbox 148 1701 269 1768; x_wconf 90' lang='lat' dir='ltr'><strong>tionem</strong></span> <span class='ocrx_word' id='word_1_95' title='bbox 295 1702 337 1768; x_wconf 87' lang='lat' dir='ltr'><strong>ad</strong></span> <span class='ocrx_word' id='word_1_96' title='bbox 365 1726 495 1768; x_wconf 88' lang='lat' dir='ltr'><strong>sensum</strong></span> <span class='ocrx_word' id='word_1_97' title='bbox 524 1700 787 1791; x_wconf 86' lang='lat' dir='ltr'><strong>qualemcumque</strong></span> <span class='ocrx_word' id='word_1_98' title='bbox 813 1704 954 1769; x_wconf 88' lang='lat' dir='ltr'><strong>traheret</strong></span> <span class='ocrx_word' id='word_1_99' title='bbox 978 1726 1117 1773; x_wconf 88' lang='lat' dir='ltr'><strong>:omnes</strong></span> <span class='ocrx_word' id='word_1_100' title='bbox 1144 1707 1272 1775; x_wconf 81' lang='lat' dir='ltr'><strong>scilicet-</strong></span> 
     </span>
     <span class='ocr_line' id='line_1_14' title="bbox 148 1810 1264 1908; baseline 0.007 -32"><span class='ocrx_word' id='word_1_101' title='bbox 148 1810 321 1878; x_wconf 84' lang='lat' dir='ltr'><strong>Alexandri</strong></span> <span class='ocrx_word' id='word_1_102' title='bbox 333 1834 531 1877; x_wconf 88' lang='lat' dir='ltr'><strong>successores</strong></span> <span class='ocrx_word' id='word_1_103' title='bbox 541 1812 582 1875; x_wconf 91' lang='lat' dir='ltr'><strong>ab</strong></span> <span class='ocrx_word' id='word_1_104' title='bbox 594 1827 737 1895; x_wconf 88' lang='lat' dir='ltr'><strong>auctore,</strong></span> <span class='ocrx_word' id='word_1_105' title='bbox 749 1811 858 1877; x_wconf 80' lang='lat' dir='ltr'><strong>Judaeo</strong></span> <span class='ocrx_word' id='word_1_106' title='bbox 872 1814 1014 1894; x_wconf 91' lang='lat' dir='ltr'><strong>homine,</strong></span> <span class='ocrx_word' id='word_1_107' title='bbox 1026 1816 1100 1904; x_wconf 87' lang='lat' dir='ltr'><strong>quia</strong></span> <span class='ocrx_word' id='word_1_108' title='bbox 1110 1816 1264 1908; x_wconf 84' lang='lat' dir='ltr'><strong>religione</strong></span> 
     </span>
     <span class='ocr_line' id='line_1_15' title="bbox 147 1917 1265 2012; baseline 0.008 -28"><span class='ocrx_word' id='word_1_109' title='bbox 147 1919 281 2009; x_wconf 84' lang='lat' dir='ltr'><strong>gentiles</strong></span> <span class='ocrx_word' id='word_1_110' title='bbox 306 1935 423 2005; x_wconf 89' lang='lat' dir='ltr'><strong>essent,</strong></span> <span class='ocrx_word' id='word_1_111' title='bbox 452 1918 621 2010; x_wconf 84' lang='lat' dir='ltr'><strong>ignobiles,</strong></span> <span class='ocrx_word' id='word_1_112' title='bbox 636 1917 818 2001; x_wconf 88' lang='lat' dir='ltr'><strong>illiberales,</strong></span> <span class='ocrx_word' id='word_1_113' title='bbox 841 1919 981 2012; x_wconf 90' lang='lat' dir='ltr'><strong>ideoque</strong></span> <span class='ocrx_word' id='word_1_114' title='bbox 1007 1922 1143 2012; x_wconf 88' lang='lat' dir='ltr'><strong>figurato</strong></span> <span class='ocrx_word' id='word_1_115' title='bbox 1170 1949 1265 1994; x_wconf 89' lang='lat' dir='ltr'><strong>sensu</strong></span> 
     </span>
     <span class='ocr_line' id='line_1_16' title="bbox 147 2025 1265 2123; baseline 0.005 -29"><span class='ocrx_word' id='word_1_116' title='bbox 147 2029 267 2094; x_wconf 92' lang='lat' dir='ltr'><strong>nothos</strong></span> <span class='ocrx_word' id='word_1_117' title='bbox 286 2046 319 2093; x_wconf 93' lang='lat' dir='ltr'><strong>et</strong></span> <span class='ocrx_word' id='word_1_118' title='bbox 338 2051 447 2094; x_wconf 87' lang='lat' dir='ltr'><strong>servos</strong></span> <span class='ocrx_word' id='word_1_119' title='bbox 469 2025 598 2092; x_wconf 91' lang='lat' dir='ltr'><strong>habitos</strong></span> <span class='ocrx_word' id='word_1_120' title='bbox 620 2049 688 2091; x_wconf 88' lang='lat' dir='ltr'><strong>esse</strong></span> <span class='ocrx_word' id='word_1_121' title='bbox 710 2049 718 2093; x_wconf 76' lang='grc' dir='ltr'><strong>ε</strong></span> <span class='ocrx_word' id='word_1_122' title='bbox 739 2050 836 2117; x_wconf 90' lang='lat' dir='ltr'><strong>quam</strong></span> <span class='ocrx_word' id='word_1_123' title='bbox 856 2026 1166 2121; x_wconf 87' lang='lat' dir='ltr'><strong>interpretationem,</strong></span> <span class='ocrx_word' id='word_1_124' title='bbox 1191 2033 1265 2123; x_wconf 87' lang='lat' dir='ltr'><strong>quia</strong></span> 
     </span>
     <span class='ocr_line' id='line_1_17' title="bbox 148 2132 1265 2216; baseline 0.006 -15"><span class='ocrx_word' id='word_1_125' title='bbox 148 2134 280 2201; x_wconf 90' lang='lat' dir='ltr'><strong>minime</strong></span> <span class='ocrx_word' id='word_1_126' title='bbox 295 2158 369 2200; x_wconf 90' lang='lat' dir='ltr'><strong>oum</strong></span> <span class='ocrx_word' id='word_1_127' title='bbox 389 2132 534 2200; x_wconf 92' lang='lat' dir='ltr'><strong>moribus</strong></span> <span class='ocrx_word' id='word_1_128' title='bbox 553 2132 638 2198; x_wconf 92' lang='lat' dir='ltr'><strong>illius</strong></span> <span class='ocrx_word' id='word_1_129' title='bbox 658 2132 715 2199; x_wconf 84' lang='lat' dir='ltr'><strong>aevi</strong></span> <span class='ocrx_word' id='word_1_130' title='bbox 730 2135 890 2216; x_wconf 84' lang='lat' dir='ltr'><strong>convenit,</strong></span> <span class='ocrx_word' id='word_1_131' title='bbox 921 2137 996 2204; x_wconf 89' lang='lat' dir='ltr'><strong>satis</strong></span> <span class='ocrx_word' id='word_1_132' title='bbox 1020 2139 1061 2204; x_wconf 91' lang='lat' dir='ltr'><strong>sit</strong></span> <span class='ocrx_word' id='word_1_133' title='bbox 1085 2140 1154 2206; x_wconf 89' lang='lat' dir='ltr'><strong>sine</strong></span> <span class='ocrx_word' id='word_1_134' title='bbox 1174 2165 1265 2209; x_wconf 89' lang='lat' dir='ltr'><strong>com·</strong></span> 
     </span>
     <span class='ocr_line' id='line_1_18' title="bbox 148 2241 765 2333; baseline 0 -24"><span class='ocrx_word' id='word_1_135' title='bbox 148 2243 343 2309; x_wconf 84' lang='lat' dir='ltr'><strong>mentatione</strong></span> <span class='ocrx_word' id='word_1_136' title='bbox 360 2241 535 2308; x_wconf 87' lang='lat' dir='ltr'><strong>lectoribus</strong></span> <span class='ocrx_word' id='word_1_137' title='bbox 548 2241 765 2333; x_wconf 86' lang='lat' dir='ltr'><strong>proposuisse.</strong></span> 
     </span>
    </p>

    <p class='ocr_par' dir='ltr' id='par_1_5' title="bbox 192 2349 866 2442">
     <span class='ocr_line' id='line_1_19' title="bbox 192 2349 866 2442; baseline 0.001 -24"><span class='ocrx_word' id='word_1_138' title='bbox 192 2354 235 2418; x_wconf 87' lang='lat' dir='ltr'><strong>At</strong></span> <span class='ocrx_word' id='word_1_139' title='bbox 247 2351 424 2442; x_wconf 84' lang='lat' dir='ltr'><strong>triumphat</strong></span> <span class='ocrx_word' id='word_1_140' title='bbox 439 2349 591 2418; x_wconf 89' lang='lat' dir='ltr'><strong>Ewaldus</strong></span> <span class='ocrx_word' id='word_1_141' title='bbox 613 2350 646 2415; x_wconf 92' lang='lat' dir='ltr'><strong>in</strong></span> <span class='ocrx_word' id='word_1_142' title='bbox 661 2351 728 2416; x_wconf 76' lang='lat' dir='ltr'><strong>hoc</strong></span> <span class='ocrx_word' id='word_1_143' title='bbox 745 2375 840 2418; x_wconf 86' lang='lat' dir='ltr'><strong>versu</strong></span> <span class='ocrx_word' id='word_1_144' title='bbox 858 2376 866 2420; x_wconf 91' lang='lat'><strong>:</strong></span> 
     </span>
    </p>

    <p class='ocr_par' dir='ltr' id='par_1_6' title="bbox 236 2455 1079 2551">
     <span class='ocr_line' id='line_1_20' title="bbox 236 2455 1079 2551; baseline 0.006 -27"><span class='ocrx_word' id='word_1_145' title='bbox 236 2458 294 2524; x_wconf 88' lang='lat' dir='ltr'><strong>Illa</strong></span> <span class='ocrx_word' id='word_1_146' title='bbox 319 2457 450 2547; x_wconf 90' lang='lat' dir='ltr'><strong>quidem</strong></span> <span class='ocrx_word' id='word_1_147' title='bbox 466 2455 608 2522; x_wconf 84' lang='lat' dir='ltr'><strong>validam</strong></span> <span class='ocrx_word' id='word_1_148' title='bbox 625 2457 726 2541; x_wconf 85' lang='lat' dir='ltr'><strong>muris</strong></span> <span class='ocrx_word' id='word_1_149' title='bbox 742 2460 906 2551; x_wconf 86' lang='lat' dir='ltr'><strong>Babylona</strong></span> <span class='ocrx_word' id='word_1_150' title='bbox 921 2460 1079 2529; x_wconf 90' lang='lat' dir='ltr'><strong>domabit.</strong></span> 
     </span>
    </p>

    <p class='ocr_par' dir='ltr' id='par_1_7' title="bbox 111 2561 1263 3840">
     <span class='ocr_line' id='line_1_21' title="bbox 148 2561 1263 2665; baseline 0.006 -31"><span class='ocrx_word' id='word_1_151' title='bbox 148 2566 217 2636; x_wconf 89' lang='lat' dir='ltr'><strong>Nec</strong></span> <span class='ocrx_word' id='word_1_152' title='bbox 241 2564 389 2647; x_wconf 87' lang='lat' dir='ltr'><strong>attendit,</strong></span> <span class='ocrx_word' id='word_1_153' title='bbox 415 2561 633 2629; x_wconf 88' lang='lat' dir='ltr'><strong>Macedonicis</strong></span> <span class='ocrx_word' id='word_1_154' title='bbox 655 2562 772 2654; x_wconf 90' lang='lat' dir='ltr'><strong>quippe</strong></span> <span class='ocrx_word' id='word_1_155' title='bbox 789 2569 887 2632; x_wconf 90' lang='lat' dir='ltr'><strong>rebus</strong></span> <span class='ocrx_word' id='word_1_156' title='bbox 903 2569 994 2635; x_wconf 86' lang='lat' dir='ltr'><strong>unice</strong></span> <span class='ocrx_word' id='word_1_157' title='bbox 1009 2591 1263 2665; x_wconf 64' lang='lat' dir='ltr'><strong>praeoccupatus,</strong></span> 
     </span>
     <span class='ocr_line' id='line_1_22' title="bbox 131 2672 1263 2767; baseline 0.005 -27"><span class='ocrx_word' id='word_1_158' title='bbox 131 2691 137 2710; x_wconf 60' lang='lat'><strong>¹·</strong></span> <span class='ocrx_word' id='word_1_159' title='bbox 146 2691 222 2767; x_wconf 88' lang='lat' dir='ltr'><strong>post</strong></span> <span class='ocrx_word' id='word_1_160' title='bbox 247 2673 377 2761; x_wconf 87' lang='lat' dir='ltr'><strong>Trajani</strong></span> <span class='ocrx_word' id='word_1_161' title='bbox 406 2672 556 2738; x_wconf 87' lang='lat' dir='ltr'><strong>victorias</strong></span> <span class='ocrx_word' id='word_1_162' title='bbox 584 2672 671 2736; x_wconf 90' lang='lat' dir='ltr'><strong>hunc</strong></span> <span class='ocrx_word' id='word_1_163' title='bbox 701 2689 802 2762; x_wconf 85' lang='lat' dir='ltr'><strong>captae</strong></span> <span class='ocrx_word' id='word_1_164' title='bbox 834 2675 1007 2766; x_wconf 89' lang='lat' dir='ltr'><strong>Babylonis</strong></span> <span class='ocrx_word' id='word_1_165' title='bbox 1037 2679 1165 2746; x_wconf 87' lang='lat' dir='ltr'><strong>titulum</strong></span> <span class='ocrx_word' id='word_1_166' title='bbox 1198 2706 1263 2749; x_wconf 90' lang='lat' dir='ltr'><strong>non</strong></span> 
     </span>
     <span class='ocr_line' id='line_1_23' title="bbox 145 2780 1260 2879; baseline 0.004 -28"><span class='ocrx_word' id='word_1_167' title='bbox 145 2786 251 2851; x_wconf 91' lang='lat' dir='ltr'><strong>minus</strong></span> <span class='ocrx_word' id='word_1_168' title='bbox 268 2784 308 2849; x_wconf 92' lang='lat' dir='ltr'><strong>de</strong></span> <span class='ocrx_word' id='word_1_169' title='bbox 321 2786 424 2849; x_wconf 88' lang='lat' dir='ltr'><strong>Roma</strong></span> <span class='ocrx_word' id='word_1_170' title='bbox 442 2804 539 2870; x_wconf 91' lang='lat' dir='ltr'><strong>quam</strong></span> <span class='ocrx_word' id='word_1_171' title='bbox 556 2780 597 2845; x_wconf 91' lang='lat' dir='ltr'><strong>de</strong></span> <span class='ocrx_word' id='word_1_172' title='bbox 614 2780 805 2846; x_wconf 85' lang='lat' dir='ltr'><strong>Macedonia</strong></span> <span class='ocrx_word' id='word_1_173' title='bbox 818 2805 930 2849; x_wconf 90' lang='lat' dir='ltr'><strong>verum</strong></span> <span class='ocrx_word' id='word_1_174' title='bbox 948 2808 1034 2871; x_wconf 80' lang='lat' dir='ltr'><strong>esse3</strong></span> <span class='ocrx_word' id='word_1_175' title='bbox 1054 2788 1149 2854; x_wconf 88' lang='lat' dir='ltr'><strong>nohis</strong></span> <span class='ocrx_word' id='word_1_176' title='bbox 1163 2788 1260 2879; x_wconf 90' lang='lat' dir='ltr'><strong>igitur</strong></span> 
     </span>
     <span class='ocr_line' id='line_1_24' title="bbox 111 2887 1257 2985; baseline 0.01 -34"><span class='ocrx_word' id='word_1_177' title='bbox 111 2939 118 2951; x_wconf 91' lang='lat'><strong>.</strong></span> <span class='ocrx_word' id='word_1_178' title='bbox 145 2891 243 2980; x_wconf 82' lang='lat' dir='ltr'><strong>objici</strong></span> <span class='ocrx_word' id='word_1_179' title='bbox 266 2889 396 2955; x_wconf 90' lang='lat' dir='ltr'><strong>minime</strong></span> <span class='ocrx_word' id='word_1_180' title='bbox 412 2911 506 2979; x_wconf 91' lang='lat' dir='ltr'><strong>posse</strong></span> <span class='ocrx_word' id='word_1_181' title='bbox 527 2887 612 2953; x_wconf 93' lang='lat' dir='ltr'><strong>hunc</strong></span> <span class='ocrx_word' id='word_1_182' title='bbox 630 2911 769 2953; x_wconf 85' lang='lat' dir='ltr'><strong>versum.</strong></span> <span class='ocrx_word' id='word_1_183' title='bbox 790 2890 895 2954; x_wconf 92' lang='lat' dir='ltr'><strong>lmmo</strong></span> <span class='ocrx_word' id='word_1_184' title='bbox 909 2892 1072 2958; x_wconf 86' lang='lat' dir='ltr'><strong>recordari</strong></span> <span class='ocrx_word' id='word_1_185' title='bbox 1088 2895 1257 2985; x_wconf 87' lang='lat' dir='ltr'><strong>potuisset,</strong></span> 
     </span>
     <span class='ocr_line' id='line_1_25' title="bbox 148 2994 1259 3084; baseline 0.004 -18"><span class='ocrx_word' id='word_1_186' title='bbox 148 2999 174 3067; x_wconf 92' lang='lat' dir='ltr'><strong>si</strong></span> <span class='ocrx_word' id='word_1_187' title='bbox 192 2998 358 3077; x_wconf 81' lang='lat' dir='ltr'><strong>voluisset,</strong></span> <span class='ocrx_word' id='word_1_188' title='bbox 374 2997 422 3062; x_wconf 81' lang='lat' dir='ltr'><strong>vir</strong></span> <span class='ocrx_word' id='word_1_189' title='bbox 436 2996 563 3081; x_wconf 87' lang='lat' dir='ltr'><strong>doctus,</strong></span> <span class='ocrx_word' id='word_1_190' title='bbox 587 2994 617 3059; x_wconf 93' lang='lat' dir='ltr'><strong>in</strong></span> <span class='ocrx_word' id='word_1_191' title='bbox 640 2995 813 3084; x_wconf 87' lang='lat' dir='ltr'><strong>Sibyllinis,</strong></span> <span class='ocrx_word' id='word_1_192' title='bbox 833 2998 973 3064; x_wconf 89' lang='lat' dir='ltr'><strong>absurda</strong></span> <span class='ocrx_word' id='word_1_193' title='bbox 996 3022 1084 3082; x_wconf 89' lang='lat' dir='ltr'><strong>sane,</strong></span> <span class='ocrx_word' id='word_1_194' title='bbox 1109 3002 1166 3068; x_wconf 91' lang='lat' dir='ltr'><strong>sed</strong></span> <span class='ocrx_word' id='word_1_195' title='bbox 1189 3019 1259 3070; x_wconf 90' lang='lat' dir='ltr'><strong>tum</strong></span> 
     </span>
     <span class='ocr_line' id='line_1_26' title="bbox 144 3102 1258 3197; baseline 0.005 -24"><span class='ocrx_word' id='word_1_196' title='bbox 144 3108 272 3197; x_wconf 83' lang='lat' dir='ltr'><strong>vulgata</strong></span> <span class='ocrx_word' id='word_1_197' title='bbox 285 3104 369 3196; x_wconf 89' lang='lat' dir='ltr'><strong>apud</strong></span> <span class='ocrx_word' id='word_1_198' title='bbox 384 3104 526 3195; x_wconf 89' lang='lat' dir='ltr'><strong>ineptam</strong></span> <span class='ocrx_word' id='word_1_199' title='bbox 540 3102 670 3193; x_wconf 86' lang='lat' dir='ltr'><strong>plebem</strong></span> <span class='ocrx_word' id='word_1_200' title='bbox 680 3103 865 3189; x_wconf 85' lang='lat' dir='ltr'><strong>jactatione,</strong></span> <span class='ocrx_word' id='word_1_201' title='bbox 884 3105 924 3170; x_wconf 89' lang='lat' dir='ltr'><strong>de</strong></span> <span class='ocrx_word' id='word_1_202' title='bbox 940 3105 1103 3194; x_wconf 90' lang='lat' dir='ltr'><strong>Babylone</strong></span> <span class='ocrx_word' id='word_1_203' title='bbox 1114 3111 1182 3195; x_wconf 92' lang='lat' dir='ltr'><strong>jam</strong></span> <span class='ocrx_word' id='word_1_204' title='bbox 1198 3113 1258 3178; x_wconf 92' lang='lat' dir='ltr'><strong>suh</strong></span> 
     </span>
     <span class='ocr_line' id='line_1_27' title="bbox 143 3212 1258 3299; baseline 0.003 -17"><span class='ocrx_word' id='word_1_205' title='bbox 143 3215 275 3282; x_wconf 89' lang='lat' dir='ltr'><strong>Tiberio</strong></span> <span class='ocrx_word' id='word_1_206' title='bbox 298 3238 317 3279; x_wconf 89' lang='lat' dir='ltr'><strong>a</strong></span> <span class='ocrx_word' id='word_1_207' title='bbox 338 3212 492 3291; x_wconf 79' lang='lat' dir='ltr'><strong>Romanis</strong></span> <span class='ocrx_word' id='word_1_208' title='bbox 519 3212 652 3277; x_wconf 88' lang='lat' dir='ltr'><strong>subacta</strong></span> <span class='ocrx_word' id='word_1_209' title='bbox 676 3234 790 3276; x_wconf 90' lang='lat' dir='ltr'><strong>vanam</strong></span> <span class='ocrx_word' id='word_1_210' title='bbox 814 3212 1033 3299; x_wconf 85' lang='lat' dir='ltr'><strong>percrebuisse</strong></span> <span class='ocrx_word' id='word_1_211' title='bbox 1059 3214 1188 3298; x_wconf 91' lang='lat' dir='ltr'><strong>famam,</strong></span> <span class='ocrx_word' id='word_1_212' title='bbox 1218 3218 1258 3285; x_wconf 87' lang='lat' dir='ltr'><strong>ad</strong></span> 
     </span>
     <span class='ocr_line' id='line_1_28' title="bbox 144 3314 1259 3414; baseline 0.002 -26"><span class='ocrx_word' id='word_1_213' title='bbox 144 3347 240 3414; x_wconf 91' lang='lat' dir='ltr'><strong>quam</strong></span> <span class='ocrx_word' id='word_1_214' title='bbox 256 3337 306 3387; x_wconf 89' lang='lat' dir='ltr'><strong>ter</strong></span> <span class='ocrx_word' id='word_1_215' title='bbox 328 3319 474 3385; x_wconf 92' lang='lat' dir='ltr'><strong>alludunt</strong></span> <span class='ocrx_word' id='word_1_216' title='bbox 495 3317 679 3407; x_wconf 88' lang='lat' dir='ltr'><strong>Sihyllistae,</strong></span> <span class='ocrx_word' id='word_1_217' title='bbox 704 3315 758 3381; x_wconf 91' lang='lat' dir='ltr'><strong>hic</strong></span> <span class='ocrx_word' id='word_1_218' title='bbox 781 3333 814 3382; x_wconf 89' lang='lat' dir='ltr'><strong>et</strong></span> <span class='ocrx_word' id='word_1_219' title='bbox 838 3314 879 3399; x_wconf 89' lang='lat' dir='ltr'><strong>V,</strong></span> <span class='ocrx_word' id='word_1_220' title='bbox 895 3318 936 3383; x_wconf 81' lang='lat'><strong>23</strong></span> <span class='ocrx_word' id='word_1_221' title='bbox 951 3334 984 3385; x_wconf 92' lang='lat' dir='ltr'><strong>et</strong></span> <span class='ocrx_word' id='word_1_222' title='bbox 1002 3321 1077 3403; x_wconf 83' lang='lat' dir='ltr'><strong>XII,</strong></span> <span class='ocrx_word' id='word_1_223' title='bbox 1097 3326 1153 3405; x_wconf 72' lang='lat'><strong>41,</strong></span> <span class='ocrx_word' id='word_1_224' title='bbox 1169 3327 1259 3411; x_wconf 88' lang='lat' dir='ltr'><strong>cujus</strong></span> 
     </span>
     <span class='ocr_line' id='line_1_29' title="bbox 146 3425 1258 3517; baseline 0 -20"><span class='ocrx_word' id='word_1_225' title='bbox 146 3430 264 3496; x_wconf 91' lang='lat' dir='ltr'><strong>erroris</strong></span> <span class='ocrx_word' id='word_1_226' title='bbox 277 3426 432 3517; x_wconf 87' lang='lat' dir='ltr'><strong>originem</strong></span> <span class='ocrx_word' id='word_1_227' title='bbox 447 3450 505 3492; x_wconf 87' lang='lat' dir='ltr'><strong>suo</strong></span> <span class='ocrx_word' id='word_1_228' title='bbox 524 3425 597 3489; x_wconf 87' lang='lat' dir='ltr'><strong>loco</strong></span> <span class='ocrx_word' id='word_1_229' title='bbox 615 3447 804 3515; x_wconf 84' lang='lat' dir='ltr'><strong>quaeremus.</strong></span> <span class='ocrx_word' id='word_1_230' title='bbox 826 3425 1000 3515; x_wconf 90' lang='lat' dir='ltr'><strong>Sequentes</strong></span> <span class='ocrx_word' id='word_1_231' title='bbox 1016 3451 1141 3509; x_wconf 88' lang='lat' dir='ltr'><strong>versus,</strong></span> <span class='ocrx_word' id='word_1_232' title='bbox 1156 3430 1258 3497; x_wconf 87' lang='lat' dir='ltr'><strong>nostri</strong></span> 
     </span>
     <span class='ocr_line' id='line_1_30' title="bbox 144 3533 1258 3628; baseline 0.002 -24"><span class='ocrx_word' id='word_1_233' title='bbox 144 3561 259 3627; x_wconf 89' lang='lat' dir='ltr'><strong>nempe</strong></span> <span class='ocrx_word' id='word_1_234' title='bbox 283 3537 347 3601; x_wconf 89' lang='lat' dir='ltr'><strong>loci</strong></span> <span class='ocrx_word' id='word_1_235' title='bbox 370 3552 435 3600; x_wconf 92' lang='lat' dir='ltr'><strong>tres</strong></span> <span class='ocrx_word' id='word_1_236' title='bbox 458 3533 600 3611; x_wconf 85' lang='lat' dir='ltr'><strong>ultimos,</strong></span> <span class='ocrx_word' id='word_1_237' title='bbox 627 3549 714 3623; x_wconf 84' lang='lat' dir='ltr'><strong>patet</strong></span> <span class='ocrx_word' id='word_1_238' title='bbox 736 3534 839 3599; x_wconf 90' lang='lat' dir='ltr'><strong>neutri</strong></span> <span class='ocrx_word' id='word_1_239' title='bbox 856 3534 957 3626; x_wconf 88' lang='lat' dir='ltr'><strong>magis</strong></span> <span class='ocrx_word' id='word_1_240' title='bbox 974 3536 1080 3601; x_wconf 83' lang='lat' dir='ltr'><strong>favere</strong></span> <span class='ocrx_word' id='word_1_241' title='bbox 1100 3536 1258 3628; x_wconf 89' lang='lat' dir='ltr'><strong>opinioni,</strong></span> 
     </span>
     <span class='ocr_line' id='line_1_31' title="bbox 144 3640 1258 3737; baseline 0.003 -27"><span class='ocrx_word' id='word_1_242' title='bbox 144 3669 241 3737; x_wconf 91' lang='lat' dir='ltr'><strong>quum</strong></span> <span class='ocrx_word' id='word_1_243' title='bbox 264 3643 305 3710; x_wconf 87' lang='lat' dir='ltr'><strong>ad</strong></span> <span class='ocrx_word' id='word_1_244' title='bbox 325 3659 494 3731; x_wconf 86' lang='lat' dir='ltr'><strong>utramque</strong></span> <span class='ocrx_word' id='word_1_245' title='bbox 513 3658 653 3730; x_wconf 87' lang='lat' dir='ltr'><strong>gentem,</strong></span> <span class='ocrx_word' id='word_1_246' title='bbox 675 3665 733 3706; x_wconf 93' lang='lat' dir='ltr'><strong>suo</strong></span> <span class='ocrx_word' id='word_1_247' title='bbox 757 3640 893 3708; x_wconf 83' lang='lat' dir='ltr'><strong>vicissim</strong></span> <span class='ocrx_word' id='word_1_248' title='bbox 919 3659 1064 3735; x_wconf 89' lang='lat' dir='ltr'><strong>tempore</strong></span> <span class='ocrx_word' id='word_1_249' title='bbox 1088 3645 1258 3737; x_wconf 90' lang='lat' dir='ltr'><strong>imperium</strong></span> 
     </span>
     <span class='ocr_line' id='line_1_32' title="bbox 143 3747 779 3840; baseline -0.008 -22"><span class='ocrx_word' id='word_1_250' title='bbox 143 3754 342 3830; x_wconf 76' lang='lat' dir='ltr'><strong>amissurum,</strong></span> <span class='ocrx_word' id='word_1_251' title='bbox 366 3773 455 3840; x_wconf 83' lang='lat' dir='ltr'><strong>aeque</strong></span> <span class='ocrx_word' id='word_1_252' title='bbox 470 3747 592 3839; x_wconf 91' lang='lat' dir='ltr'><strong>possint</strong></span> <span class='ocrx_word' id='word_1_253' title='bbox 607 3747 779 3837; x_wconf 90' lang='lat' dir='ltr'><strong>pertinere.</strong></span> 
     </span>
    </p>

    <p class='ocr_par' dir='ltr' id='par_1_8' title="bbox 139 3853 1257 4377">
     <span class='ocr_line' id='line_1_33' title="bbox 186 3853 1256 3950; baseline -0.005 -24"><span class='ocrx_word' id='word_1_254' title='bbox 186 3861 255 3926; x_wconf 87' lang='lat' dir='ltr'><strong>Nec</strong></span> <span class='ocrx_word' id='word_1_255' title='bbox 270 3881 464 3950; x_wconf 92' lang='lat' dir='ltr'><strong>quemquam</strong></span> <span class='ocrx_word' id='word_1_256' title='bbox 476 3853 641 3921; x_wconf 79' lang='lat' dir='ltr'><strong>offendere</strong></span> <span class='ocrx_word' id='word_1_257' title='bbox 655 3855 753 3920; x_wconf 90' lang='lat' dir='ltr'><strong>debet</strong></span> <span class='ocrx_word' id='word_1_258' title='bbox 769 3855 858 3945; x_wconf 92' lang='lat' dir='ltr'><strong>quod</strong></span> <span class='ocrx_word' id='word_1_259' title='bbox 871 3855 905 3919; x_wconf 92' lang='lat' dir='ltr'><strong>in</strong></span> <span class='ocrx_word' id='word_1_260' title='bbox 917 3855 977 3921; x_wconf 90' lang='lat' dir='ltr'><strong>hac</strong></span> <span class='ocrx_word' id='word_1_261' title='bbox 992 3857 1162 3921; x_wconf 89' lang='lat' dir='ltr'><strong>ambarum</strong></span> <span class='ocrx_word' id='word_1_262' title='bbox 1176 3880 1256 3945; x_wconf 92' lang='lat' dir='ltr'><strong>gen·</strong></span> 
     </span>
     <span class='ocr_line' id='line_1_34' title="bbox 141 3961 1257 4058; baseline -0.006 -22"><span class='ocrx_word' id='word_1_263' title='bbox 141 3969 223 4036; x_wconf 93' lang='lat' dir='ltr'><strong>tium</strong></span> <span class='ocrx_word' id='word_1_264' title='bbox 251 3965 492 4058; x_wconf 85' lang='lat' dir='ltr'><strong>comparatione</strong></span> <span class='ocrx_word' id='word_1_265' title='bbox 518 3963 709 4030; x_wconf 88' lang='lat' dir='ltr'><strong>Macedonia</strong></span> <span class='ocrx_word' id='word_1_266' title='bbox 736 3963 842 4028; x_wconf 90' lang='lat' dir='ltr'><strong>minus</strong></span> <span class='ocrx_word' id='word_1_267' title='bbox 866 3961 959 4052; x_wconf 89' lang='lat' dir='ltr'><strong>spatii</strong></span> <span class='ocrx_word' id='word_1_268' title='bbox 986 3962 1129 4027; x_wconf 91' lang='lat' dir='ltr'><strong>obtineat</strong></span> <span class='ocrx_word' id='word_1_269' title='bbox 1159 3985 1257 4053; x_wconf 90' lang='lat' dir='ltr'><strong>quam</strong></span> 
     </span>
     <span class='ocr_line' id='line_1_35' title="bbox 139 4069 1253 4163; baseline -0.005 -19"><span class='ocrx_word' id='word_1_270' title='bbox 139 4081 256 4160; x_wconf 83' lang='lat' dir='ltr'><strong>Roma,</strong></span> <span class='ocrx_word' id='word_1_271' title='bbox 278 4100 379 4141; x_wconf 91' lang='lat' dir='ltr'><strong>unum</strong></span> <span class='ocrx_word' id='word_1_272' title='bbox 393 4096 509 4163; x_wconf 89' lang='lat' dir='ltr'><strong>nempe</strong></span> <span class='ocrx_word' id='word_1_273' title='bbox 530 4096 655 4139; x_wconf 86' lang='lat' dir='ltr'><strong>versum</strong></span> <span class='ocrx_word' id='word_1_274' title='bbox 676 4095 735 4163; x_wconf 91' lang='lat' dir='ltr'><strong>pro</strong></span> <span class='ocrx_word' id='word_1_275' title='bbox 758 4070 900 4160; x_wconf 87' lang='lat' dir='ltr'><strong>quinque</strong></span> <span class='ocrx_word' id='word_1_276' title='bbox 923 4069 1035 4132; x_wconf 77' lang='lat' dir='ltr'><strong>Romae</strong></span> <span class='ocrx_word' id='word_1_277' title='bbox 1059 4069 1219 4137; x_wconf 89' lang='lat' dir='ltr'><strong>concessis</strong></span> <span class='ocrx_word' id='word_1_278' title='bbox 1245 4094 1253 4138; x_wconf 90' lang='lat'><strong>:</strong></span> 
     </span>
     <span class='ocr_line' id='line_1_36' title="bbox 140 4175 1253 4273; baseline -0.011 -20"><span class='ocrx_word' id='word_1_279' title='bbox 140 4187 173 4253; x_wconf 93' lang='lat' dir='ltr'><strong>id</strong></span> <span class='ocrx_word' id='word_1_280' title='bbox 192 4185 278 4252; x_wconf 91' lang='lat' dir='ltr'><strong>enim</strong></span> <span class='ocrx_word' id='word_1_281' title='bbox 294 4183 370 4249; x_wconf 88' lang='lat' dir='ltr'><strong>alias</strong></span> <span class='ocrx_word' id='word_1_282' title='bbox 385 4204 513 4273; x_wconf 89' lang='lat' dir='ltr'><strong>quoque</strong></span> <span class='ocrx_word' id='word_1_283' title='bbox 530 4179 563 4245; x_wconf 93' lang='lat' dir='ltr'><strong>in</strong></span> <span class='ocrx_word' id='word_1_284' title='bbox 576 4179 739 4269; x_wconf 88' lang='lat' dir='ltr'><strong>Sibyllinis</strong></span> <span class='ocrx_word' id='word_1_285' title='bbox 757 4176 958 4255; x_wconf 76' lang='lat' dir='ltr'><strong>observatur,</strong></span> <span class='ocrx_word' id='word_1_286' title='bbox 974 4189 1009 4237; x_wconf 91' lang='lat' dir='ltr'><strong>ut</strong></span> <span class='ocrx_word' id='word_1_287' title='bbox 1022 4175 1078 4255; x_wconf 87' lang='lat' dir='ltr'><strong>IV,</strong></span> <span class='ocrx_word' id='word_1_288' title='bbox 1101 4176 1163 4261; x_wconf 87' lang='lat'><strong>88;</strong></span> <span class='ocrx_word' id='word_1_289' title='bbox 1179 4180 1253 4268; x_wconf 84' lang='lat' dir='ltr'><strong>VII,</strong></span> 
     </span>
     <span class='ocr_line' id='line_1_37' title="bbox 144 4279 1253 4377; baseline -0.005 -18"><span class='ocrx_word' id='word_1_290' title='bbox 144 4294 221 4372; x_wconf 82' lang='lat'>1083</span> <span class='ocrx_word' id='word_1_291' title='bbox 240 4293 330 4376; x_wconf 89' lang='lat' dir='ltr'><strong>Vlll,</strong></span> <span class='ocrx_word' id='word_1_292' title='bbox 347 4293 366 4356; x_wconf 92' lang='lat'>8</span> <span class='ocrx_word' id='word_1_293' title='bbox 388 4318 395 4356; x_wconf 76' lang='grc' dir='ltr'><strong>ι</strong></span> <span class='ocrx_word' id='word_1_294' title='bbox 415 4288 496 4354; x_wconf 91' lang='lat' dir='ltr'><strong>adeo</strong></span> <span class='ocrx_word' id='word_1_295' title='bbox 512 4286 720 4377; x_wconf 86' lang='lat' dir='ltr'><strong>populorum,</strong></span> <span class='ocrx_word' id='word_1_296' title='bbox 739 4282 821 4348; x_wconf 89' lang='lat' dir='ltr'><strong>sicut</strong></span> <span class='ocrx_word' id='word_1_297' title='bbox 837 4279 1047 4372; x_wconf 82' lang='lat' dir='ltr'><strong>privatorum,</strong></span> <span class='ocrx_word' id='word_1_298' title='bbox 1064 4284 1182 4351; x_wconf 87' lang='lat' dir='ltr'><strong>eversis</strong></span> <span class='ocrx_word' id='word_1_299' title='bbox 1200 4311 1253 4354; x_wconf 89' lang='lat' dir='ltr'><strong>re·</strong></span> 
     </span>
    </p>
   </div>
   <div class='ocr_carea' id='block_1_3' title="bbox 139 4393 1250 4591">
    <p class='ocr_par' dir='ltr' id='par_1_9' title="bbox 139 4393 1250 4591">
     <span class='ocr_line' id='line_1_38' title="bbox 139 4393 670 4488; baseline -0.021 -19"><span class='ocrx_word' id='word_1_300' title='bbox 139 4404 213 4488; x_wconf 89' lang='lat' dir='ltr'><strong>hus,</strong></span> <span class='ocrx_word' id='word_1_301' title='bbox 231 4401 295 4468; x_wconf 91' lang='lat' dir='ltr'><strong>cito</strong></span> <span class='ocrx_word' id='word_1_302' title='bbox 312 4397 486 4465; x_wconf 88' lang='lat' dir='ltr'><strong>obsolescit</strong></span> <span class='ocrx_word' id='word_1_303' title='bbox 501 4393 670 4461; x_wconf 91' lang='lat' dir='ltr'><strong>memoria.</strong></span> 
     </span>
     <span class='ocr_line' id='line_1_39' title="bbox 182 4494 1250 4591; baseline -0.006 -15"><span class='ocrx_word' id='word_1_304' title='bbox 182 4514 226 4576; x_wconf 83' lang='lat' dir='ltr'><strong>At</strong></span> <span class='ocrx_word' id='word_1_305' title='bbox 239 4508 390 4577; x_wconf 87' lang='lat' dir='ltr'><strong>Ewaldus</strong></span> <span class='ocrx_word' id='word_1_306' title='bbox 403 4523 507 4574; x_wconf 88' lang='lat' dir='ltr'><strong>totam</strong></span> <span class='ocrx_word' id='word_1_307' title='bbox 522 4505 607 4569; x_wconf 89' lang='lat' dir='ltr'><strong>hanc</strong></span> <span class='ocrx_word' id='word_1_308' title='bbox 619 4498 792 4591; x_wconf 87' lang='lat' dir='ltr'><strong>pericopen</strong></span> <span class='ocrx_word' id='word_1_309' title='bbox 806 4520 846 4563; x_wconf 92' lang='lat' dir='ltr'><strong>eo</strong></span> <span class='ocrx_word' id='word_1_310' title='bbox 866 4494 1017 4563; x_wconf 88' lang='lat' dir='ltr'><strong>libentius</strong></span> <span class='ocrx_word' id='word_1_311' title='bbox 1036 4496 1077 4564; x_wconf 92' lang='lat' dir='ltr'><strong>de</strong></span> <span class='ocrx_word' id='word_1_312' title='bbox 1099 4500 1250 4570; x_wconf 74' lang='lat' dir='ltr'><strong>Macedo·</strong></span> 
     </span>
    </p>
   </div>
   <div class='ocr_carea' id='block_1_4' title="bbox 279 4754 310 4787">
    <p class='ocr_par' dir='ltr' id='par_1_10' title="bbox 279 4754 310 4787">
     <span class='ocr_line' id='line_1_40' title="bbox 279 4754 310 4787; baseline -0.032 1"><span class='ocrx_word' id='word_1_313' title='bbox 279 4765 281 4768; x_wconf 60' lang='lat'><em>⁴</em></span> <span class='ocrx_word' id='word_1_314' title='bbox 298 4754 310 4787; x_wconf 70' lang='lat'>0</span> 
     </span>
    </p>
   </div>
   <div class='ocr_carea' id='block_1_5' title="bbox 0 0 1598 5310">
    <p class='ocr_par' dir='ltr' id='par_1_11' title="bbox 0 0 1598 5310">
     <span class='ocr_line' id='line_1_41' title="bbox 0 0 1598 5310; baseline 0 5"><span class='ocrx_word' id='word_1_315' title='bbox 0 0 1598 5310; x_wconf 95' lang='lat' dir='ltr'><strong> </strong></span> 
     </span>
    </p>
   </div>
  </div>
 </body>
</html>
