3186 5310
334 369 391 428 130
656 364 919 427 ΣΙΒΥΛΛΙΑΚΩΝ
940 362 1067 425 ΛΟΓΟΣ
1089 365 1121 424 Γ.

439 515 487 580 Οὐ
501 512 602 603 λιμὸς,
621 519 746 605 καρπῶν
766 537 800 578 τε
817 512 1052 604 κακορρέκτειρα
1069 505 1203 604 χάλαζα.

438 607 528 687 Ᾰλλὰ
547 620 601 711 μὲν
616 617 715 712 είράἀη
735 618 852 712 μεγάλη
872 616 953 685 κατθι
968 626 1057 712 γαῖαν
1077 618 1212 701 ἅπασαν,

333 728 396 819 755
439 726 503 793 Καὶ
524 727 663 812 βασιλεὺς
682 729 807 810 βασιλῆιΙ
825 725 910 816 φίλος
929 727 1018 816 μέχρι
1035 726 1186 816 τέρματος
1202 727 1288 791 ἔσται

438 832 567 917 Αίώνος,
583 836 682 899 κοινόν
701 857 733 900 τε
752 833 845 923 νόμον
860 830 941 898 κατά
960 839 1050 925 γαῖαν
1064 831 1188 900 ἀπασοιν

436 929 615 1028 Ᾱνθρώποις
634 943 778 1006 τελέσειεν
799 941 829 1003 ἐν
851 943 966 1028 οὐρανῷ
983 940 1158 1030 ἀστερόεντι

433 1035 605 1130 Ᾰθάνατος,
623 1049 681 1112 ὅσα
698 1048 874 1138 πέπρακται
892 1037 1017 1112 δειλοῖσι
1034 1051 1199 1138 βροτοῖσιν.

435 1154 536 1230 Αὐτός
552 1149 610 1246 γάρ
629 1154 720 1245 μόνος
735 1153 801 1219 ἐστὶ
819 1154 909 1236 Θεὸς,
927 1155 1004 1219 κούκ
1022 1155 1104 1219 ἔστιν
1124 1155 1169 1220 ἔτ’
1189 1151 1291 1230 ἀλλος.

329 1266 393 1351 760
434 1261 534 1336 Αὐτὸς
548 1261 599 1325 καὶ
616 1261 688 1350 πυρὶ
707 1253 838 1350 φλέξειεν
857 1259 993 1351 χαλεπὸν
1010 1263 1099 1351 μένος
1120 1253 1251 1353 ἀνδρῶν.

487 1355 576 1432 Ᾰλλίι
589 1368 861 1444 κατασπείσαντες
877 1365 950 1458 ἐμάς
971 1364 1078 1458 φρενάς
1098 1372 1126 1433 ἐν
1146 1368 1302 1446 στήθεσσι,

432 1473 566 1564 Φειίγετε
583 1475 727 1557 λατρείας
742 1464 887 1549 ἀδίκους·
905 1483 949 1558 τῷ
965 1467 1059 1550 ζῶντι
1072 1474 1202 1563 λάτρευε
1219 1501 1226 1515 ·

433 1579 585 1669 Μοιχείαν
603 1572 773 1667 πεφύλαξο,
793 1580 845 1645 καὶ
865 1574 989 1670 ἄκριτον
1008 1577 1131 1672 ἄρσενος
1147 1586 1252 1657 εὐνήν·

429 1685 494 1758 Τήν
510 1676 538 1749 δ’
554 1677 635 1751 ἰδίαν
650 1688 755 1777 γένναν
772 1677 892 1752 παίδων
908 1689 1009 1776 τρέφε,
1025 1680 1105 1776 μηδὲ
1121 1690 1277 1782 φονεόσρς.

327 1792 389 1884 765
432 1782 546 1858 Τοῖσδε
563 1787 622 1884 γὰρ
637 1778 799 1869 Ᾰθάνατος
816 1793 1034 1882 κεχολώσεται,
1049 1796 1081 1871 ός
1096 1818 1146 1860 κεν
1161 1795 1297 1889 ἀμάρτῃ.

486 1897 551 1963 Καὶ
565 1900 636 1965 τότε
653 1889 681 1963 δ’
695 1891 824 1990 ἐξεγερεῖ
837 1899 994 1981 βασιληῖον
1013 1899 1054 1977 είς
1075 1899 1185 1981 αἰῶνας

428 2005 563 2084 ,Πάντας
582 2008 629 2072 ἐπ’
643 2005 832 2096 ἀνθρώπους,
850 2004 936 2097 ἀγιον
955 2004 1048 2096 νόμον
1069 1991 1118 2099 [ός
1139 1992 1226 2102 ποτ’]
1242 2001 1356 2076 ἔδωκεν

434 2106 593 2196 Εῦσεόόσι,
609 2117 673 2190 τοῖς
687 2115 779 2178 πᾶσιν
794 2113 945 2203 ὑπίσχετο
960 2117 1050 2205 γαῖαν
1066 2107 1203 2199 ἀνοίξειν,

435 2219 499 2286 Καὶ
512 2219 638 2310 κόσμον,
653 2219 796 2310 μακάρων
812 2243 846 2284 τε
860 2221 972 2298 πυλας,
985 2219 1036 2286 καὶ
1053 2216 1202 2310 χάρματα
1219 2218 1334 2304 πάντα,

328 2352 392 2418 77ο
436 2325 500 2391 Καὶ
516 2334 585 2390 νοῦν
602 2324 768 2410 ἀθάνατον,
788 2324 906 2391 αίώνιον
924 2328 1107 2418 εὐφροσύνην
1123 2351 1171 2393 τε.

433 2430 542 2510 Πάσης
559 2421 589 2494 δ’
609 2432 644 2497 ἐκ
656 2430 744 2523 γαίης
759 2427 886 2498 λίόανον
901 2433 953 2498 καὶ
968 2425 1054 2525 δῶρα
1069 2436 1145 2523 πρὸς
1163 2431 1263 2510 οἴκους

433 2536 561 2607 Οίσουσι
577 2536 722 2630 μεγάλοιο
738 2542 818 2604 Θεοῦ
833 2565 841 2579 ·
859 2541 935 2604 κούκ
948 2540 1069 2606 ἔσσεται
1086 2536 1178 2619 ἀλλος

434 2638 528 2721 Οἶκος
549 2646 595 2709 ἐπ’
613 2643 798 2736 ἀνθρώποισι
819 2641 871 2709 καὶ
887 2646 1071 2733 ἐσσομένοισι
1088 2647 1246 2731 πυθέσθαι,

433 2738 511 2817 Ᾰλλ’
527 2746 558 2817 όν
575 2741 672 2816 ἔδωκε
690 2750 768 2826 Θεὸς
787 2755 908 2827 πιστοῖς
927 2740 1070 2844 ἀνδρεσσι
1086 2754 1252 2846 γεραίρειν·

327 2858 390 2948 775
435 2841 537 2951 [mv]
557 2856 616 2951 γὰρ
634 2857 777 2923 καλέουσι
792 2855 899 2949 βροτοὶ
919 2858 1062 2950 μεγαλοιο
1081 2865 1183 2927 Θεοῖο.

433 2963 497 3031 Καὶ
514 2967 612 3031 πᾶσαι
630 2955 749 3029 πεδίοιο
768 2957 881 3053 τρίόοι,
901 2965 953 3030 καὶ
971 2966 1098 3056 τρηχέες
1114 2967 1215 3058 ὄχθαι,

432 3068 535 3159 Οίρεά
553 3069 578 3134 θΙ
592 3063 741 3154 θψηεντα,
754 3068 806 3135 καὶ
820 3065 912 3162 ἄγρια
925 3072 1048 3160 κόματα
1067 3073 1197 3160 πόντου,

429 3172 561 3245 Εόόατα
578 3176 630 3242 καὶ
650 3176 795 3243 εόπλωτά
812 3201 847 3268 γε
865 3175 987 3242 ἔσσεται
999 3179 1097 3269 ἥμασι
1115 3179 1233 3260 κείνοις.

431 3284 525 3348 Πᾶσα
539 3279 597 3376 γὰρ
613 3280 713 3375 εἰρήνη
733 3280 856 3375 ἀγαθῶν
879 3281 928 3348 ε’πὶ
947 3290 1037 3376 γαῖαν
1055 3285 1201 3353 ἱκνεῖται·

323 3391 388 3481 780
428 3374 591 3480 Ρομφαίαν
608 3391 637 3455 τ’
660 3389 805 3482 ἀφελοῦσι
822 3392 903 3456 Θεοῦ
922 3390 1066 3483 μεγάλοιο
1086 3402 1266 3485 προφῆται·

320 3625 351 3634 -
362 3597 420 3656 161,
433 3609 486 3661 sqq.
503 3592 580 3644 Simul
596 3609 652 3644 νεα)
665 3594 746 3644 ουΙιυε
758 3594 830 3644 unius
840 3594 891 3644 veri
900 3594 944 3646 nei
958 3597 1148 3661 commendatur,
1164 3598 1277 3667 inspersis
1292 3600 1439 3667 quibusdam

319 3696 416 3732 morum
433 3677 570 3746 ριεεοεριίε.
584 3705 615 3714 -
631 3680 688 3738 ῖθῦ,
703 3693 757 3744 sqq.
774 3677 883 3744 Regnum
893 3680 1013 3745 justorum
1026 3683 1060 3747 [id
1076 3692 1126 3743 σει,
1142 3683 1289 3752 Judaeorum]
1309 3688 1335 3737 iu
1353 3689 1438 3740 omnin

317 3764 406 3816 ωειιθι
418 3776 550 3829 omnesque
560 3769 650 3827 gentes.
663 3788 695 3799 -

352 3932 409 3981 753.
428 3927 505 3980 eodd.
528 3926 712 3994 κακορρητιιρα
730 3941 736 3975 :
752 3928 859 3977 conexit
926 3932 982 3988 τοὶ,
996 3947 1048 3997 sqq.
1059 3931 1161 3984 nuncet
1174 3942 1223 3984 ιεσι
1236 3951 1289 4001 sqq.
1301 3935 1361 3986 σὶιει
1373 3935 1437 3987 Luc·

316 4004 451 4059 Schneider
463 4003 490 4054 in
502 4003 602 4053 θεείου.
890 4004 981 4056 nntius
990 4005 1020 4056 de
1036 4007 1075 4058 Ιτε
1086 4008 1148 4074 uei,
1166 4026 1220 4077 ευρ.
1236 4012 1277 4069 22,
1291 4011 1318 4062 in
1330 4010 1377 4062 hoe
1396 4021 1437 4063 ιε-

351 4083 410 4133 154.
429 4079 506 4131 Godd.
518 4079 578 4129 ἀλλά
591 4095 646 4142 μιντ
659 4076 692 4130 τί.
706 4093 790 4144 supra,
801 4081 858 4129 501.
890 4095 946 4130 men
955 4083 1063 4147 ἀνόμους
1072 4085 1151 4151 legem
1160 4101 1205 4152 pro
1219 4087 1327 4146 ἀδίκους,
1336 4098 1361 4138 et
1376 4090 1435 4154 θεῷ

351 4160 408 4209 τῦῖ.
426 4155 502 4206 θοόά.
518 4155 663 4222 ἀνθρώπους
674 4168 754 4203 :cm-r.
768 4155 832 4203 Cast.
890 4171 935 4221 ρτο
946 4157 991 4220 τῷ.

349 4235 408 4284 158.
426 4229 540 4298 Syntuis
554 4229 648 4280 laborat
664 4243 670 4279 ι
690 4244 723 4279 ευ
735 4229 803 4278 deest
815 4229 859 4278 nli·
925 4232 981 4282 wa.
1000 4233 1066 4283 Lact.
1082 4252 1107 4298 μ.
1121 4252 1149 4285 τι
1163 4236 1283 4301 φύλασσε,
1299 4239 1360 4289 etin
1374 4239 1434 4304 fine,

314 4309 375 4376 quid
386 4308 417 4358 nd
429 4311 544 4357 sensum?
890 4305 993 4370 ἄρσενος
1006 4309 1104 4375 ἄκριτον
1117 4310 1198 4378 ῦῦριν.

348 4388 405 4436 ῖθθ.
424 4382 477 4433 Gtr.
493 4398 574 4448 ιυρτε,
587 4384 644 4432 629.
923 4383 980 4432 765.
999 4383 1067 4436 Laet.
1081 4387 1123 4435 καὶ
1136 4389 1209 4452 γάρὸ
1228 4389 1355 4444 Ἀθάνατος
1370 4407 1376 4440 :
1391 4393 1435 4442 ned

347 4464 405 4509 760.
424 4458 500 4507 Θοόό.
510 4457 565 4515 nni,
579 4459 649 4521 γένος
663 4472 709 4524 pro
723 4459 804 4522 μῖνος.
888 4457 983 4522 vulgata
996 4460 1045 4508 εοΙι
1059 4462 1130 4510 valet.
