3186 5310
134 726 400 916 ittet
483 700 954 856 PRAE'FATtO

636 1219 811 1248 dom-¹·-

212 1514 320 1596 Quum
346 1511 574 1601 Sibyllinorum
598 1511 740 1600 priorem
763 1509 938 1575 editionem
962 1532 1066 1573 meam
1086 1507 1213 1598 penitus
1228 1530 1285 1572 ex-

167 1619 313 1685 haustam
324 1617 477 1700 viderem,
490 1635 605 1707 praeter
615 1617 808 1707 exemplaria
818 1616 970 1683 nonnulla
981 1617 1192 1698 Excursuum‚
1203 1637 1285 1704 quos

167 1728 345 1817 bibliopola
359 1727 519 1817 copiosius
530 1727 734 1792 excudendus
746 1742 924 1808 curaverat,
939 1725 1032 1791 statui
1044 1748 1161 1790 novam
1173 1747 1286 1813 parare

168 1835 341 1900 editionem
357 1859 374 1898 e
390 1834 496 1923 priore
519 1851 729 1916 contractam,
759 1858 830 1922 quae
845 1832 1005 1924 plerisque
1026 1833 1197 1912 lectorum,
1221 1856 1286 1922 quo

168 1942 310 2022 brevior,
335 1965 374 2006 eo
404 1941 624 2018 commodior,
655 1941 788 2006 eruditis
812 1959 918 2006 autem
933 1956 1067 2032 propter
1086 1940 1285 2005 elaboratum

169 2050 267 2137 magis
288 2065 410 2114 textum
435 2066 467 2113 et
491 2071 608 2112 novam
628 2047 899 2138 interpretationis
918 2046 1138 2113 recensionem
1161 2069 1220 2111 nec
1237 2044 1287 2110 in-

168 2173 256 2244 grata
274 2173 357 2220 esset
377 2178 435 2218 nec
451 2154 582 2219 inutilis.
602 2156 673 2218 Hoc
687 2154 747 2218 suit
766 2155 860 2239 hujus
887 2154 960 2218 libri
987 2153 1166 2218 consilium.
1187 2152 1286 2236 Quod

167 2263 193 2328 si
211 2262 282 2351 quis
295 2286 346 2326 me
361 2277 463 2350 roget,
480 2285 548 2344 cur,
565 2262 619 2351 qui
639 2261 716 2325 olim
731 2261 842 2326 tandiu
857 2261 926 2326 istis
949 2261 1136 2325 immoratus
1151 2259 1211 2325 sim
1228 2282 1286 2323 ra·

167 2366 296 2450 ticiniis,
323 2391 395 2432 sero
417 2391 515 2450 nunc,
532 2385 684 2457 tanquam
707 2391 805 2433 uuum
831 2391 944 2432 canere
966 2368 1112 2449 edoctus,
1132 2367 1171 2432 ad
1198 2365 1283 2430 idem

167 2475 296 2541 redeam
315 2493 552 2565 argumentum,
576 2476 680 2542 dicam
705 2476 745 2540 ad
768 2476 957 2541 merendum
979 2477 1063 2541 bene
1086 2473 1126 2539 de
1153 2471 1285 2539 scientia

166 2606 255 2648 suam
280 2582 395 2673 cuique
418 2583 554 2673 opellam
580 2583 743 2661 sufficere;
771 2582 904 2673 pauperi
927 2582 1042 2647 colono
1066 2581 1140 2647 satis
1168 2604 1238 2646 esse
1259 2579 1286 2644 si
1340 2624 1343 2629 »

165 2714 299 2782 parvum
314 2714 426 2779 agrurn
444 2692 547 2780 probe
562 2691 659 2755 colat.
677 2690 815 2771 Addam,
835 2689 985 2779 exiguum
998 2689 1086 2772 licet,
1107 2690 1193 2754 hunc
1209 2687 1284 2753 fun·

166 2798 242 2863 dum
257 2815 415 2888 proventu
429 2821 495 2862 non
513 2821 633 2880 carere,
662 2813 693 2861 et
718 2797 851 2879 habere,
880 2820 958 2885 quas
978 2795 1138 2886 praecipue
1164 2812 1284 2861 metere

163 2908 264 2992 juvet,
278 2929 376 2969 sacrae
391 2903 488 2969 etiam
511 2903 664 2969 doctrine
684 2903 802 2993 sruges.
829 2905 900 2968 Huc
925 2902 1009 2967 enirn
1035 2902 1118 2967 redit
1144 2901 1232 2992 quod
1250 2900 1284 2966 in

165 3013 353 3077 Praefatione
368 3011 478 3100 scripsi
496 3010 611 3099 prioris
626 3010 788 3094 editionis,
804 3011 845 3076 ad
855 3010 1088 3100 pernoscendae
1103 3009 1283 3076 christiane

165 3118 327 3207 religionis
346 3118 484 3208 origines
498 3118 635 3183 multum
649 3117 856 3183 tribuendum
873 3143 941 3183 esse
956 3118 1148 3208 apocryphis
1161 3117 1283 3207 primo·
1352 3186 1356 3193 ,

85 3208 88 3215 ¹
165 3249 238 3290 rum
251 3242 446 3315 temporum,
465 3225 549 3290 inter
568 3226 750 3316 apocrypha
775 3250 851 3291 vero
879 3226 1055 3316 Sibyllinis.
1081 3228 1118 3290 In
1140 3248 1204 3314 quo
1229 3249 1282 3292 me

165 3349 251 3397 recte
263 3331 390 3409 vidisse,
403 3349 592 3420 argumento
604 3349 663 3416 est,
674 3331 775 3421 quod,
787 3333 843 3397 ubi
854 3357 924 3397 mea
934 3333 1055 3423 prodiit
1065 3332 1177 3416 editio,
1188 3333 1280 3398 multi

164 3440 251 3507 docti
262 3457 295 3505 et
308 3463 419 3528 graves
434 3439 506 3521 viri,
520 3463 624 3528 neque
635 3440 667 3503 in
682 3439 782 3504 Gallia
796 3456 932 3523 tantum,
949 3441 1004 3505 sed
1018 3441 1114 3505 etiam
1130 3463 1166 3505 ac
1179 3441 1281 3506 multo

164 3548 264 3636 magis
279 3547 309 3611 in
325 3543 509 3627 Germania,
533 3544 716 3632 philologiae
733 3545 907 3627 domicilio,
927 3546 981 3636 qui
1005 3547 1096 3611 aliter
1115 3570 1280 3635 nunquam

164 3653 298 3719 fortusse
324 3653 364 3718 de
383 3649 545 3739 Sibyllinis
562 3650 765 3738 cogitassent,
785 3651 926 3717 animum
950 3652 990 3717 ad
1014 3653 1081 3718 haec
1102 3653 1206 3719 studia
1224 3655 1281 3721 ad·

163 3778 328 3826 verterunt
345 3784 352 3825 :
369 3784 386 3824 e
406 3759 522 3848 quibus
536 3759 687 3848 praecipui
701 3776 834 3849 possunt
847 3776 1029 3850 temporum
1041 3759 1154 3825 ordine
1168 3785 1280 3827 recen-

164 3870 239 3954 seri,
254 3871 270 3933 J
275 3870 342 3936 .·H.
362 3865 535 3948 Friedtieb,
557 3865 589 3928 in
606 3865 850 3931 Introductione
867 3867 908 3931 ad
925 3891 1015 3932 suam
1031 3866 1147 3932 horum
1166 3870 1281 3934 carmi-

162 4001 239 4041 num
267 3974 441 4041 editionem
470 3972 826 4061 graeco-germanicam,
857 3974 942 4062 Lips.
985 3973 1084 4050 18523
1123 3974 1278 4043 Ricardus

162 4085 356 4163 Volkmann,
375 4080 408 4144 in
422 4098 557 4170 utraque
570 4104 626 4144 sua
643 4079 683 4144 de
699 4078 862 4170 Sibyllinis
881 4081 1134 4164 elucubratione,
1148 4084 1276 4168 Stettin,

166 4191 250 4269 1854
266 4204 298 4253 et
318 4186 418 4269 18613
446 4187 487 4248 H.
517 4184 646 4267 Ewald,
665 4184 698 4248 in
714 4200 850 4249 tractatu
865 4185 904 4249 de
924 4185 1055 4274 Origine
1071 4203 1103 4251 et
1117 4203 1228 4253 tenore
1247 4207 1279 4254 et

162 4295 265 4384 pretio
278 4293 434 4358 librorum
443 4291 570 4380 Sibyll,
580 4290 724 4378 Gotting.
743 4291 842 4368 18583
859 4291 918 4358 Ed.
930 4295 1043 4376 Reuss,
1054 4293 1087 4358 in
1096 4294 1277 4384 epimenide

162 4403 310 4490 religiosa
327 4399 480 4467 doctrinae
493 4400 686 4478 reformatae,
706 4401 892 4488 Argentum,
918 4399 1010 4489 april.
1038 4418 1070 4467 et
1093 4403 1156 4470 mai
1177 4403 1274 4469 1861.

163 4509 190 4574 li
205 4534 330 4593 omnes,
349 4533 449 4599 quum
463 4508 503 4573 de
517 4524 585 4573 tota
599 4531 634 4572 re
648 4507 816 4599 Sibyllina,
836 4526 905 4574 tum
919 4508 1092 4598 pracsertim
1112 4510 1152 4576 de
1170 4510 1279 4576 unius·
