3186 5310
453 412 747 510 'nurmruonou
767 448 841 508 nte.
863 446 901 504 v.
1190 448 1242 504 m

217 580 344 669 Quippe
361 578 421 645 Dei
437 578 520 652 natis
535 579 596 669 ipsi
612 603 739 671 quoque
757 580 873 647 damna
887 577 996 665 tulere!

215 687 311 766 Tum,
328 710 428 775 quom
443 685 592 758 Sidonius
605 710 662 753 rex
674 685 808 756 Phoenix
826 684 945 751 Gallica
958 683 1046 752 venit

219 791 352 879 Agmina
367 791 408 856 de
424 792 514 881 Syria
531 792 705 874 deducens,
720 810 829 881 teque,
846 793 1009 868 Ravenna,

216 897 395 986 Opprimet,
416 916 448 963 et
464 898 559 966 credis
577 898 632 965 fiet
648 899 712 963 dux
725 899 794 989 ipse
811 911 963 962 cruentae.

129 1003 190 1067 205
259 1004 437 1085 V0s‚1ndi‚
453 1029 522 1086 vm,
540 1004 730 1093 AEthiopum
748 1027 902 1092 generosa
917 1017 1031 1092 pavete

214 1112 362 1183 Pectora.
378 1111 525 1197 Namque
540 1110 596 1177 ubi
610 1135 667 1176 vos
684 1108 870 1201 Capricorni
884 1105 1054 1174 ambiverit
1067 1105 1147 1188 axis,

214 1217 337 1280 Taurus
352 1233 385 1281 et
399 1216 431 1280 in
444 1216 587 1283 Geminis
604 1217 711 1282 medio
726 1233 867 1283 vertetur
882 1214 1025 1304 olympo,

213 1322 255 1384 Et
268 1320 368 1409 Virgo
385 1323 572 1405 ascendens,
587 1340 620 1387 et
637 1323 691 1388 Sol
710 1321 807 1387 fronti
823 1320 965 1408 undique
979 1322 1099 1389 Zouem

213 1428 431 1509 Praetendens,
451 1446 539 1492 vasto
557 1429 624 1495 caeli
641 1427 833 1519 spatiabitur
850 1429 948 1506 orbe3

126 1556 189 1604 nto
212 1533 353 1602 Maxima
367 1534 408 1599 de
420 1535 497 1600 caelo
512 1534 626 1603 ferient
638 1535 784 1601 incendia
801 1552 932 1617 terram,

213 1642 444 1728 Astrorumque
458 1666 577 1708 novum
591 1659 700 1731 surget
714 1658 893 1724 certamen,
911 1657 945 1704 ut
961 1637 1067 1705 omnis

212 1745 302 1810 lndia
317 1763 349 1810 et
363 1747 554 1838 AEthiopum
567 1749 661 1814 tellus
673 1748 819 1814 considat
831 1747 863 1812 in
876 1746 976 1836 ignes.

255 1854 305 1920 Tu
318 1877 447 1946 quoque
461 1854 575 1944 plange
590 1871 677 1923 tuam
692 1871 825 1936 sortem,
846 1851 1026 1919 miseranda
1039 1847 1205 1919 Corinthe.

211 1958 307 2040 Nam,
322 1983 420 2047 quum
434 1961 618 2049 tergeminae
629 1961 769 2029 fatorum
786 1959 920 2026 stamina
935 1960 1043 2030 Parcae

124 2064 187 2129 215
211 2066 385 2148 Ducentos,
399 2067 574 2156 profugum
591 2085 702 2132 eontra
719 2065 832 2131 Isthmi
847 2063 974 2130 oracula
990 2084 1100 2150 regem

210 2170 431 2249 Abstulerint3
448 2196 523 2238 mox
540 2173 627 2239 huno
644 2197 756 2238 omnes
772 2173 805 2236 in
819 2194 916 2259 regna
936 2192 1097 2236 reversum

211 2277 387 2365 Aspicient,
404 2279 490 2343 ferro
503 2303 617 2368 rupem
631 2281 683 2368 qui
701 2278 825 2367 ruperit
838 2277 928 2358 olim,

210 2383 443 2473 Disperdetque
459 2401 542 2467 tuas,
558 2384 641 2450 siout
657 2385 861 2465 decreverat,
879 2407 962 2451 oras.

209 2488 271 2552 Olli
288 2513 426 2579 namque
446 2490 536 2557 dedit
550 2491 633 2556 vireo
651 2492 752 2572 Dens,
766 2489 874 2557 omnia
889 2490 977 2555 solus

125 2619 190 2659 220
216 2596 257 2658 Ut
273 2594 381 2678 saciat,
398 2596 476 2661 nulli
490 2620 600 2687 regum
616 2619 768 2663 concessa
781 2596 938 2685 priorum.

211 2704 257 2766 Ao
271 2700 410 2791 primum
428 2700 542 2792 triplex
560 2720 656 2792 caput
670 2705 710 2767 ab
726 2701 889 2771 radicibus
903 2727 965 2768 una

210 2807 303 2871 Falce
318 2824 455 2890 metens,
475 2809 543 2874 aliis
560 2809 642 2874 hanc
659 2809 804 2899 porriget
821 2808 938 2897 impius
952 2832 1071 2891 escam,

210 2915 253 2977 Ut
268 2937 379 2978 carnes
397 2914 559 2981 horrenda
572 2933 685 2982 vorent
697 2915 847 2980 alimenta
867 2933 1017 3005 paternas

169 3045 174 3055 ·
210 3019 330 3109 impuri
346 3025 456 3109 reges!
477 3022 560 3087 Nam
578 3022 700 3087 cunctis
718 3022 829 3110 visque
845 3039 1014 3112 metuoque

121 3125 186 3190 225
210 3126 378 3190 lncumbet
395 3125 534 3216 populis3
552 3129 597 3193 ob
610 3151 733 3217 magnae
748 3127 868 3193 scilicet
882 3127 972 3196 urbis

211 3231 390 3314 Excidium,
408 3232 573 3322 gentisque
590 3232 664 3323 pica,
677 3257 777 3322 quam
790 3234 920 3300 Numen
937 3236 1079 3300 amabat.

121 3398 277 3449 trucidandos
301 3400 506 3464 evertendosque,
529 3399 617 3450 dirime
630 3400 720 3467 quippe
738 3400 832 3451 debitos
846 3400 935 3452 ultioni
957 3409 1058 3468 propter
1077 3399 1182 3452 exciam
1199 3401 1248 3467 [ab

121 3482 244 3534 Hadriano
257 3482 388 3549 videlicet]
408 3483 494 3533 urbem
513 3493 657 3549 gentemque
673 3493 789 3534 sunctum.
803 3514 834 3524 -

120 3646 179 3680 vero
196 3631 254 3681 olim
270 3632 474 3697 rolpotonem,
499 3634 523 3682 ἐν
549 3634 608 3698 πυρὶ
624 3633 667 3682 καὶ
698 3632 830 3700 t',cap.e;
846 3634 1081 3685 itemPraeiutionem
1093 3634 1181 3684 adhoc
1194 3635 1243 3684 rol.

120 3707 252 3773 στοναχαῖς
274 3709 358 3757 Ἰνδῶν
377 3712 423 3772 γῆν
437 3711 488 3759 rto.
503 3726 539 3766 rc.
559 3708 668 3759 mctori-
732 3713 791 3761 222.
810 3711 888 3760 Codd.
898 3712 1072 3774 στησάμενοςε
1085 3726 1130 3759 nos
1142 3725 1207 3759 corr.
1217 3709 1247 3761 ln

122 3790 174 3833 tete
185 3790 252 3834 caret
264 3799 270 3830 :
284 3799 341 3832 narn
357 3786 440 3836 Ἰνδῶν
462 3801 506 3851 pro
521 3788 579 3843 ὃλην
591 3783 667 3851 scrip·
698 3786 746 3835 [ine
757 3785 799 3839 alii
812 3787 963 3848 πάσασθαι,
978 3787 1041 3839 mle
1053 3785 1086 3836 ob
1099 3787 1247 3851 σπασσάμ-

122 3855 154 3911 iit
167 3855 336 3924 primmCaet.
352 3861 442 3926 ecouj.
698 3879 741 3918 νος
760 3862 828 3927 quod
848 3863 984 3929 praeconem
1007 3861 1049 3911 alii
1064 3862 1200 3918 πάσασθαι.
1218 3870 1247 3915 ut

153 3932 210 3982 216.
227 3933 302 3984 codd.
321 3933 422 3999 ἄρξουσι
445 3952 450 3983 :
468 3952 533 3984 corr.
550 3934 608 4002 Ops.
623 3937 668 3986 De-
698 3953 751 3986 nos.
766 3936 861 3987 auem
875 3946 956 3991 nitent
964 3953 1008 4005 pro
1015 3938 1099 4000 δώσει,
1114 3936 1248 3994 herbarum

121 4004 179 4056 inde
190 4006 260 4057 codd.
271 4009 409 4060 loldocioe
420 4011 576 4066 adtractum
590 4027 653 4060 corr.
699 4012 772 4076 licet,
788 4010 935 4078 sibyllinum
951 4021 995 4075 est,
1016 4021 1043 4061 ut
1063 4013 1164 4077 σχήσειν
1181 4011 1245 4061 etsi·

155 4083 217 4132 tto»
233 4083 369 4134 numerius
381 4086 476 4136 111)αεί
495 4085 666 4135 Deindecodd.
698 4086 843 4136 ιαίΙίαισῐτ.
858 4086 918 4136 Exc.
930 4097 1007 4136 nostr.
1018 4086 1072 4147 Vll,
1084 4103 1136 4152 cap.
1151 4090 1176 4138 1.
1241 4102 1244 4108 ’

121 4157 178 4213 Ινδς
192 4157 267 4221 μόνος
285 4159 344 4209 ὅστε
354 4163 473 4220 notioni:
486 4175 531 4209 nos
543 4176 607 4210 corr.
621 4161 669 4210 Ex·
732 4165 791 4212 223.
808 4160 885 4212 codd.
908 4162 1024 4227 βασιλῆος
1041 4162 1149 4226 ἀνάγων
1173 4177 1180 4211 :
1200 4177 1246 4212 nos

120 4247 216 4300 precius
236 4234 304 4284 locus
323 4252 353 4285 ex
372 4236 516 4302 Apocalypsi
539 4252 593 4302 cup.
622 4239 668 4297 tt,
698 4253 762 4288 corr.
776 4238 873 4303 Σάρκας
887 4238 972 4301 φαγεῖν
984 4239 1245 4300 winmusterium,

121 4322 145 4357 v.
158 4309 197 4368 tt,
212 4324 248 4373 oq,
698 4325 812 4362 extreme
832 4312 939 4378 penurie
952 4313 990 4361 vel
1005 4311 1133 4362 inhumani
1154 4311 1245 4361 luroris

155 4384 215 4443 221,
227 4398 281 4449 eqq.
301 4384 404 4435 Videtur
424 4386 456 4435 ad
474 4385 519 4435 hos
535 4401 616 4436 rmus
631 4402 669 4436 re-
698 4388 800 4453 signum,
823 4404 885 4454 nepe
900 4388 1007 4437 recurrit
1026 4387 1053 4437 in
1072 4386 1148 4437 rueris
1166 4386 1244 4450 libris,

121 4457 226 4525 epcalue
239 4458 506 4528 dirusllippolytusde
519 4461 670 4513 Antichristo
701 4463 833 4530 praesertim
856 4462 882 4512 in
909 4462 1060 4530 Apoculypei.
1088 4460 1140 4512 cfr.
1171 4461 1245 4513 etiarn

120 4548 177 4600 cap.
193 4536 233 4585 52.
247 4533 575 4603 Conicr808‚eq.‚etssxc.
591 4545 668 4588 nostr.
701 4537 774 4601 intre,
791 4541 848 4588 tat.
1213 4544 1215 4549 '
