3186 5310
591 430 642 492 AD
663 430 875 493 SIBYLLlNll.
1215 443 1296 490 xxur

172 558 261 625 velut
276 559 353 625 olim
369 559 549 654 antiquiore
566 563 619 630 illa
637 565 803 656 AEgyptia,
817 564 862 632 sic
877 588 962 630 nunc
977 564 1060 630 nora
1075 562 1185 629 Italica
1201 561 1291 629 clade

171 668 330 756 percussis
350 669 525 750 mentibus,
543 672 648 762 erupit
668 674 758 762 quasi
777 671 883 741 subito
899 689 996 739 oestro
1012 669 1217 738 Alexandrini
1232 693 1291 736 cu·

69 852 73 859 ,
169 773 298 860 jusdam
313 776 412 843 Judaei
431 777 517 861 haud
532 778 679 846 illiterata
697 804 788 847 mens
802 780 834 845 in
849 804 968 848 novum
982 803 1125 862 carmen,
1139 774 1194 869 qui
1206 801 1291 844 nunc

174 899 305 969 quartus
331 882 560 975 Sibyllinorum
576 886 656 952 liber
678 888 827 956 habetur.

216 989 264 1054 De
273 991 366 1076 hujus
379 993 528 1060 carminis
540 1011 631 1060 aetate
643 995 763 1085 ambigi
773 994 881 1080 nefas3
894 995 937 1063 ita
951 1019 985 1061 se
995 1011 1185 1086 tempusque
1197 1015 1289 1059 suum

173 1095 257 1162 ultro
273 1098 430 1190 designat,
456 1101 529 1184 130,
546 1125 618 1192 sqq.
636 1129 645 1168 ε

260 1206 324 1273 Sed
343 1230 455 1297 quum,
473 1207 630 1275 diffractis
648 1210 727 1276 Itala
742 1210 856 1301 tellure
869 1207 1023 1290 cavernis,

261 1312 412 1381 Manibus
428 1340 466 1381 ex
484 1315 557 1383 imis
569 1315 611 1383 ad
628 1318 740 1384 caelum
754 1315 882 1383 flamma
897 1317 1029 1398 feretur,

260 1525 351 1592 Tunc
367 1527 514 1595 homines
533 1546 668 1596 noscant
681 1546 869 1621 praesentem
882 1528 1029 1596 Numinis
1040 1527 1134 1604 iram,

172 1631 340 1724 statimque
357 1658 450 1701 causa
469 1635 619 1705 additur:

258 1739 301 1803 Et
316 1741 445 1825 merito,
463 1744 614 1833 quoniam
631 1767 732 1834 genus
746 1743 893 1810 occidere
906 1743 1046 1834 piorum.

170 1846 218 1910 lta
237 1846 350 1914 Vesevi
376 1850 495 1915 montis
521 1849 704 1916 incendium
727 1850 899 1916 exhibetur
922 1874 987 1941 non
1011 1849 1110 1915 modo
1135 1863 1289 1937 tanquam

172 1976 283 2050 recens
309 1974 340 2021 et
369 1956 534 2023 horribilis
556 1957 675 2037 clades,
706 1957 762 2023 sed
788 1957 884 2023 etiam
908 1956 994 2021 velut
1021 1955 1126 2046 prima
1152 1951 1287 2019 scintilla

174 2061 408 2128 exardescentis
424 2064 478 2127 irae
492 2062 606 2128 divinae
619 2064 652 2128 in
666 2064 682 2128 J
684 2063 782 2128 udaeae
796 2061 899 2154 gentis
912 2062 1069 2128 ultionem
1083 2083 1092 2126 t
1107 2076 1288 2151 opportune

173 2166 303 2262 quidem
314 2171 374 2234 sub
384 2169 458 2235 Tito
466 2171 569 2260 gentis
583 2193 749 2246 eversore3
761 2192 820 2233 nec
829 2167 935 2235 minus
947 2185 1129 2257 opportune
1139 2165 1221 2231 inter
1235 2164 1288 2229 illa

171 2294 243 2359 quae
258 2273 357 2338 modo
383 2276 579 2339 canebantur
602 2273 644 2339 de
665 2274 796 2338 Nerone
819 2272 966 2361 fugitivo,
988 2295 1063 2361 117,
1079 2294 1152 2361 sqq.
1168 2287 1201 2335 et
1220 2271 1288 2336 haec

170 2399 248 2465 quae
267 2380 372 2444 statim
402 2380 560 2445 addentur
583 2379 623 2444 de
645 2379 790 2467 ejusdem
808 2380 990 2470 propinquo
1014 2377 1120 2445 reditu
1143 2377 1177 2443 in
1200 2375 1288 2444 orbis

172 2486 308 2551 Romani
320 2487 508 2576 perniciem,
530 2486 603 2577 137,
621 2511 692 2577 sqq.

212 2594 319 2659 Habet
331 2594 418 2659 enim
432 2594 485 2660 hic
498 2593 581 2661 liber
589 2618 686 2686 supra
700 2609 825 2660 ceteros
838 2595 902 2660 hoc
914 2594 1052 2686 insigne,
1066 2591 1153 2683 quod
1163 2593 1288 2685 primns

169 2700 373 2766 traditionem
388 2702 530 2767 continet
543 2702 584 2768 de
603 2701 802 2768 Antichristo
819 2703 948 2769 Nerone
964 2703 1060 2793 paulo
1077 2718 1151 2767 ante
1167 2701 1287 2792 vulgari

167 2825 317 2897 coeptam,
335 2809 394 2874 suh
412 2809 472 2875 illis
486 2834 562 2875 vero
576 2810 774 2900 temporibus
794 2811 836 2876 ita
850 2809 1002 2877 diffusam
1020 2826 1056 2876 ut
1072 2831 1185 2875 omnes
1195 2829 1287 2898 paene

168 2913 341 3005 Sibyllinos
362 2916 494 3007 impleat
518 2917 627 2982 libros.
650 2917 751 2984 Multa
774 2942 835 3009 ego
856 2916 1019 3008 quondam
1037 2917 1078 2983 de
1105 2916 1169 2981 hoc
1189 2937 1286 3005 argn-

167 3040 277 3088 mento
298 3024 331 3089 in
349 3026 495 3092 Excursu
514 3048 589 3091 meo
604 3024 662 3110 VI,
683 3049 755 3116 cap.
784 3028 836 3109 16,
855 3048 992 3116 quorum
1010 3025 1170 3116 praecipua
1190 3022 1286 3088 etiam

166 3130 197 3194 in
214 3133 294 3196 meis
308 3131 446 3198 adhunc
459 3132 565 3198 locum
582 3134 668 3198 notis
684 3150 895 3223 exponentur.
910 3133 960 3198 lbi
974 3133 1101 3198 docebo
1114 3129 1201 3197 unde
1218 3129 1286 3195 haec

169 3237 300 3305 traditio
321 3256 391 3305 orta
413 3239 466 3322 sit,
488 3256 522 3306 et
542 3241 707 3330 quomodo
728 3240 823 3306 simul
842 3241 875 3306 in
897 3239 1105 3326 Christianos,
1133 3237 1227 3303 simul
1252 3236 1286 3301 in

167 3345 293 3412 Judteos
312 3363 501 3438 propagata,
522 3346 598 3412 odio
624 3347 763 3413 Neronis
780 3347 865 3437 apud
880 3363 1045 3437 utrosque,
1071 3345 1143 3412 illos
1162 3344 1207 3410 ob
1230 3343 1286 3408 in·

166 3470 275 3544 neptas
290 3453 540 3544 persecutiones,
566 3453 628 3519 hos
651 3454 695 3519 oh
718 3454 909 3520 memoriam
930 3451 1055 3520 Judal‘ci
1080 3451 1170 3532 belli,
1196 3452 1286 3537 cujus

164 3560 287 3651 primus
299 3578 412 3628 auctor
425 3562 541 3631 fuerat.

209 3668 273 3736 Sed
287 3671 389 3735 oritur
399 3670 530 3760 questio
544 3669 587 3735 ad
599 3687 690 3736 utros
701 3671 863 3762 pertinere
874 3684 1042 3735 censeatur
1052 3683 1163 3734 noster
1173 3681 1281 3758 poeta.
1389 3726 1391 3731 .

165 3774 217 3842 Ad
230 3794 384 3866 utrosque
399 3776 556 3867 profecto,
571 3776 731 3867 siquidem
747 3774 1090 3852 ludeo-Christianum
1119 3790 1226 3838 tamen
1242 3770 1285 3838 ad

165 3883 363 3951 Christianos
377 3885 496 3975 potius.
513 3884 678 3975 Quidquid
694 3885 779 3952 enim
794 3886 835 3951 de
849 3888 917 3973 ejus
930 3885 990 3951 viri
1005 3882 1160 3973 religione
1174 3880 1285 3972 dispu-

164 4007 267 4058 tatum
290 3992 331 4058 sit
346 3994 388 4058 ab
405 3992 590 4058 hominihus
605 3992 809 4082 gravissimis,
828 3995 868 4059 ah
883 4017 948 4059 uno
962 3992 1139 4084 praesertim
1152 3991 1282 4078 conjec-

164 4100 253 4166 tandi
268 4099 486 4191 sagacissimo,
505 4099 571 4164 nisi
581 4100 751 4190 singularia
766 4099 867 4191 magis
884 4117 1030 4191 captante
1044 4122 1141 4191 quam
1159 4096 1282 4187 simpli·

163 4208 270 4274 ciaet
296 4208 396 4273 cuivis
421 4206 526 4290 obvia,
553 4231 717 4298 nunquam
746 4208 826 4273 mihi
851 4208 971 4299 poterit
1000 4207 1094 4274 aliter
1117 4228 1214 4296 quam
1240 4203 1282 4271 de

135 4355 141 4366 ·
165 4315 347 4382 Christiano
362 4316 499 4393 lavacro,
516 4330 549 4381 et
562 4314 692 4404 quidem
717 4317 757 4382 de
771 4316 868 4407 plena
893 4314 1099 4382 immersione
1115 4314 1183 4380 sola
1199 4311 1283 4379 inter

163 4423 333 4513 primaevos
346 4422 551 4489 Christicolas
574 4423 701 4504 usitata,
722 4447 831 4490 versus
847 4423 900 4489 hic
911 4421 1057 4511 intelligi,
1081 4421 1141 4490 165
1157 4448 1166 4488 a

252 4533 337 4597 Tum
352 4554 470 4623 corpus
485 4528 582 4596 fluvio
598 4547 705 4601 totum
718 4548 857 4601 mersate
872 4531 1015 4625 perenni.
