3186 5310
637 430 689 490 AD
709 428 854 492 LIBRUM
876 432 955 494 xlv.
1296 431 1354 493 397

235 558 344 611 aboleret
377 578 383 609 ε
410 571 435 611 et
464 570 523 610 tirno
551 575 676 626 suppressa
709 558 781 609 fuisse
813 561 933 628 Sibyllino
956 562 1010 612 loco
1039 562 1155 612 indicium
1178 562 1277 628 aliquod
1310 574 1356 627 pro

235 652 285 686 non
298 636 438 687 dubitamus
452 647 568 702 tanquam
581 635 647 687 baud
660 637 781 686 modicam
812 637 912 688 absente
926 637 1064 688 testimonio
1075 639 1136 688 sumi
1149 638 1230 704 possit.

235 727 320 762 earum
347 723 441 780 partem
466 713 590 780 Olympia,
607 729 711 779 cumque
735 713 779 770 iis,
847 717 905 771 000,
921 730 973 780 sqq.
995 714 1101 765 imitatio
1113 715 1178 764 louis
1192 711 1314 763 Homerici
1325 728 1356 761 ex

235 786 321 852 quidni
347 789 430 841 enim?
450 790 539 840 Nemea
556 798 581 840 et
608 789 717 839 lsthnria.
745 790 781 839 lta
813 789 883 840 lliad.
897 808 922 848 α,
939 793 998 849 528,
1011 792 1064 839 loco
1078 790 1140 840 bena
1158 799 1229 849 noto,
1244 803 1317 853 quem
1331 787 1356 836 in

235 863 331 914 tollitur
357 874 400 914 ant
430 866 459 915 ad
489 865 618 915 minimum
642 866 781 930 redigitur,
813 875 910 915 auctore
924 865 1019 923 Judaeo,
1039 866 1126 931 passim
1144 866 1217 916 etiam
1240 861 1356 913 Christia-

235 954 322 1006 nempe
335 940 449 990 adnnins
465 950 490 991 et
503 942 602 992 alterins
619 941 678 991 anni
696 940 781 991 discri-
812 941 851 991 uis
878 941 972 991 imbuto
993 942 1082 1001 literis,
1107 958 1157 991 non
1182 942 1234 990 sine
1251 939 1356 1004 quodam

234 1030 303 1077 meu,
323 1015 510 1083 chronologica,
530 1017 560 1067 de
575 1034 624 1084 qua
638 1018 721 1067 doctos
735 1018 782 1067 hco-
812 1025 912 1083 stupore
927 1017 1101 1084 deprehendas.
1121 1017 1234 1083 Agnoscis
1252 1015 1292 1064 hic
1312 1029 1356 1080 po·

235 1090 318 1142 sitssse
339 1091 452 1152 diximus,
472 1093 643 1145 controversia.
668 1093 717 1143 Nec
731 1093 781 1158 jam
813 1101 903 1142 tentem
917 1093 985 1143 illum
999 1093 1086 1143 divinae
1097 1093 1198 1143 ceruicis
1214 1100 1301 1140 nutum
1318 1099 1356 1139 to-

235 1182 307 1217 cansa
319 1176 355 1217 est
367 1184 411 1217 cur
424 1168 536 1219 Cedreno
556 1169 614 1219 fides
634 1168 779 1235 derogetur,
813 1168 858 1219 ties
867 1169 892 1218 in
903 1169 1006 1219 Homero
1018 1169 1151 1227 laudatum,
1164 1169 1244 1230 δεινὴν
1258 1167 1356 1232 deipsis:

235 1259 265 1292 es
285 1242 435 1311 Theophane
462 1245 575 1295 videlicet
597 1254 712 1294 consueto
734 1243 781 1294 sihi
812 1242 905 1296 hastam
919 1262 976 1295 uero
989 1245 1097 1311 longam,
1110 1245 1169 1312 δόρυ
1185 1243 1296 1310 μακρόν,
1312 1258 1357 1308 pro

235 1328 345 1379 auctore,
362 1321 477 1371 asserenti
489 1330 654 1387 perpetratum
668 1319 715 1370 boc
731 1336 782 1370 essa
812 1331 907 1387 sceptro
930 1321 1034 1387 positam
1060 1320 1160 1370 mininie
1184 1319 1286 1369 dubium
1309 1326 1354 1368 est.

235 1395 410 1456 aTheodosio,
424 1413 488 1447 auno
498 1397 567 1464 regni
582 1406 650 1447 sexto
671 1396 780 1458 decimo,
812 1394 862 1445 Nec
883 1397 913 1445 de
931 1395 970 1447 bis
992 1397 1061 1447 ualde
1084 1395 1185 1462 ambigit
1209 1393 1357 1444 clarissimus

235 1471 291 1521 vitae
304 1471 400 1530 ultimo,
413 1488 518 1538 eumque
530 1471 602 1521 faiae
611 1471 782 1538 Olympiadem
812 1471 924 1523 Eualdus
937 1490 943 1522 ε
956 1474 998 1522 sed
1010 1473 1118 1523 absolute
1131 1472 1230 1521 damnat
1243 1470 1356 1533 (Dissert.

235 1546 331 1597 finem:
355 1549 396 1598 'Eu
415 1548 546 1608 τούτοιςῆ
570 1550 657 1597 τετῶν
688 1549 782 1612 Ὀλυμ·
812 1564 867 1614 pag.
897 1550 951 1608 tut,
975 1557 1027 1597 suot.
1051 1549 1080 1612 3)
1099 1547 1228 1598 lectionem
1250 1548 1357 1595 nostram

234 1625 328 1674 aseddus
351 1626 446 1684 ἀπέσὸη
468 1626 618 1690 πανήγυρις,
641 1626 695 1684 ἥτις
717 1627 781 1676 κατὰ
813 1622 869 1686 ἄγοι
895 1631 940 1689 prb
965 1623 1030 1682 ἄξει,
1051 1623 1141 1674 oblitus
1169 1621 1233 1672 idem
1255 1620 1357 1670 verbum

234 1702 355 1766 τετραετῆ
377 1702 467 1766 χρόνον
496 1701 649 1763 ἐπετιλεῐτο,
677 1698 779 1751 Cedren.
812 1698 925 1764 idemque
935 1699 1002 1748 uerbi
1013 1709 1109 1765 tempus
1120 1699 1210 1749 lectum
1219 1713 1278 1760 ease,
1290 1694 1355 1757 lllll,

234 1791 259 1841 p.
284 1778 348 1837 sta,
374 1776 413 1824 ed.
440 1775 515 1824 Bonn.
535 1804 566 1812 -
583 1774 713 1840 Hucusque
738 1792 782 1826 nos
817 1776 949 1836 lll,unde
958 1776 1097 1841 desumptus
1107 1775 1147 1824 hic
1162 1775 1238 1832 locus,
1248 1772 1358 1838 quamvis

234 1851 349 1917 perduxit
361 1851 457 1916 incepta
472 1851 598 1902 annotatio
614 1852 644 1900 de
663 1850 782 1918 Olympiis
813 1850 907 1900 diverso
921 1861 1006 1901 tenore
1017 1852 1160 1916 diversoque
1173 1866 1252 1900 sensu.
1265 1848 1357 1898 Mavult

233 1927 297 1977 ludis
322 1928 353 1978 ad
382 1926 468 1993 Sibyll.
496 1927 563 1986 Xlll,
594 1930 652 1978 300.
678 1927 781 1994 Reliqua
812 1925 863 1991 ipsc
873 1927 926 1992 ἀχεῖ
936 1927 1050 1989 scribere,
1061 1927 1143 1991 ignota
1155 1924 1309 1975 nobisiorma
1320 1932 1355 1995 qt,

233 2003 341 2068 ejusdem
367 2019 469 2059 uersus,
495 2002 547 2052 haec
577 2018 666 2068 nempe
688 2004 780 2064 verba,
812 2000 848 2051 uti
862 2018 952 2058 remur,
973 2002 1089 2062 barbara3
1111 2001 1214 2051 barbara
1232 2016 1290 2050 sero
1306 2016 1357 2049 ma·

234 2079 327 2129 dodran
349 2081 413 2146 τρεῖς
435 2080 519 2134 παῖδες
543 2080 688 2138 νικήσωσιν,
707 2079 781 2128 aliam
813 2077 886 2137 sime,
902 2079 921 2126 si
945 2079 1010 2144 quod
1027 2078 1072 2127 sub
1094 2079 1145 2144 ipsa
1164 2078 1237 2127 lateat
1258 2084 1300 2127 aut
1322 2076 1357 2127 la·

233 2163 361 2221 poscerent
371 2155 422 2221 ipsa
430 2153 781 2214 commentationem,minoris
812 2162 864 2202 tere
887 2152 946 2203 velit
965 2153 1066 2204 atticum
1089 2154 1140 2202 sire
1157 2152 1299 2214 secundum,
1329 2161 1356 2202 ut

233 2229 332 2294 quidem
346 2231 473 2293 momenti,
485 2239 625 2279 nontamen
639 2229 780 2296 sineoperee
811 2227 961 2292 grammatici
983 2228 1066 2287 aiunt,
1090 2227 1210 2290 futurum,
1235 2228 1357 2278 incertum

233 2305 323 2372 pretio.
344 2306 439 2356 Scimus
459 2305 525 2355 enim
541 2305 603 2354 ludis
621 2305 671 2354 istis
690 2305 779 2355 inserta
812 2319 889 2369 aquo
905 2304 980 2354 verbo
991 2305 1131 2354 deductum.
1147 2304 1227 2354 Etiam
1245 2305 1297 2368 τρίς
1313 2302 1357 2353 ad·

233 2379 307 2431 luisse
319 2397 450 2447 puerorum
464 2380 596 2430 certamina
608 2380 658 2444 jam
671 2381 779 2446 antiqui·
812 2379 937 2439 uerhium,
957 2380 1022 2446 quod
1044 2381 1161 2430 Homerus
1179 2380 1230 2446 ipsa
1249 2380 1279 2430 dc
1291 2379 1357 2431 louis

234 2465 284 2519 tus,
296 2456 396 2524 jamque
415 2465 472 2506 ante
491 2456 633 2517 Pindarum,
650 2457 780 2506 nonnullas
812 2458 873 2504 nutu
887 2454 1026 2520 probasset,
1041 2470 1090 2503 non
1111 2454 1159 2504 lert
1179 2454 1290 2505 Ewaldus
1309 2454 1356 2504 boc

234 2548 264 2581 ex
279 2531 309 2581 iis
322 2548 424 2582 coronas
438 2540 584 2581 nectentem.
601 2531 671 2580 lluuc
687 2547 779 2581 morem
811 2546 897 2591 seusu,
913 2530 953 2580 scd
973 2530 1058 2580 referri
1069 2530 1139 2595 jubet
1157 2530 1188 2579 ad
1201 2539 1250 2579 tres
1268 2546 1357 2597 pueros

234 2623 284 2656 non
294 2608 366 2657 modo
373 2607 482 2673 agnoscit
489 2607 584 2664 Noster,
592 2605 711 2656 sedetiam
719 2624 779 2673 prae·
812 2605 923 2671 Olympia
941 2614 1084 2664 coronatos,
1099 2604 1246 2670 dequibus,
1266 2621 1354 2670 supra,

233 2682 294 2733 dicit
308 2684 440 2750 longinqua
457 2699 500 2750 per
519 2682 605 2732 saecuh
622 2682 777 2732 duraturum.
813 2684 869 2737 300,
884 2697 929 2746 sqq
947 2697 1036 2747 eosque
1049 2681 1177 2746 allegorice
1192 2691 1240 2731 tres
1253 2676 1357 2732 &sares

234 2757 345 2819 Quonam
366 2769 446 2809 autem
460 2767 532 2825 pacto
545 2766 594 2808 tres
607 2758 678 2809 simul
693 2774 780 2825 pueros
812 2773 862 2808 esse
876 2759 1001 2808 contendit
1017 2774 1023 2808 :
1038 2774 1145 2823 quonam
1159 2766 1240 2806 tamen
1252 2748 1296 2806 sub
1308 2758 1355 2808 hu·

234 2834 338 2884 victores
346 2834 477 2899 aliquando
486 2832 670 2892 [utssroscanitt
679 2832 740 2883 Nam
749 2834 777 2893 si,
811 2843 890 2899 gusto,
905 2849 955 2883 non
968 2833 1044 2883 addit.

234 2909 301 2975 quod
313 2911 377 2960 ratio
389 2908 479 2969 innuit,
495 2908 564 2975 pueri
580 2925 635 2958 cum
650 2909 706 2959 solis
720 2926 779 2976 pue·
846 2913 904 2969 307,
917 2925 970 2975 sqq.
983 2908 1062 2959 Deflet
1080 2918 1150 2975 poeta
1167 2907 1305 2976 AEgyptum‘
1317 2909 1357 2960 in·

234 2983 268 3033 ris
287 2994 473 3051 componantur,
496 2999 592 3032 necesse
608 2983 653 3032 erit
676 2982 726 3031 siue
749 3000 779 3033 ex
811 2984 882 3034 solito
895 2984 993 3034 seruitio
1004 2984 1138 3044 subactam,
1155 2985 1299 3051 videturque
1308 3003 1356 3036 ras-

233 3059 312 3109 tribus
328 3060 378 3109 siue
396 3076 426 3107 cx
442 3068 607 3122 quotcumque
620 3059 680 3106 valis
701 3068 780 3108 certa·
810 3061 891 3125 pic-ere
905 3060 935 3110 sd
949 3059 1071 3124 quandam
1085 3061 1231 3110 antonomiae
1251 3062 1357 3128 speciem

231 3134 353 3195 minibus,
369 3135 470 3185 totidem
489 3150 576 3200 pueros
591 3133 657 3182 exire
675 3149 777 3184 corona·
811 3133 868 3184 huic
881 3134 974 3200 regioni
994 3135 1036 3183 diu
1053 3135 1164 3185 relictam
1183 3152 1198 3185 a
1218 3134 1333 3187 Romanis
1349 3157 1354 3188 :

232 3223 270 3264 tos
281 3230 286 3262 :
299 3213 365 3279 quod
376 3211 430 3261 idco
440 3226 485 3259 nec
498 3209 598 3274 dignum
612 3208 659 3257 erit
668 3206 777 3256 animad·
809 3210 862 3275 qui,
872 3211 973 3276 antiquo
984 3208 1094 3260 deterriti
1108 3210 1216 3273 oraculo,
1231 3227 1356 3278 nunquam

232 3288 351 3351 versione,
367 3303 412 3337 nec
426 3302 470 3352 pro
491 3284 607 3351 temporis
625 3282 718 3333 indicio
732 3282 777 3332 ha·
809 3302 862 3335 eam
876 3286 903 3335 in
917 3285 1048 3352 provinciae
1060 3284 1164 3335 formam
1182 3286 1290 3352 redigere
1303 3289 1356 3338 ansi

232 3363 356 3422 bendum,
371 3364 406 3412 sic
423 3372 504 3411 tamen
516 3359 645 3410 manifesto
660 3359 777 3409 suadente
809 3370 894 3420 eraut,
916 3376 996 3426 noque
1016 3361 1170 3410 consularem
1193 3361 1299 3428 legatum
1324 3380 1354 3414 eo

231 3449 311 3507 poeta.
323 3438 474 3505 Fingeudum
482 3437 556 3501 igitur
565 3444 622 3485 ante
633 3433 712 3483 Nostri
720 3444 776 3483 seta·
808 3436 913 3494 mittere,
929 3436 971 3485 sed
983 3435 1131 3503 praefectum,
1146 3436 1189 3502 qui
1202 3453 1281 3488 mores
1292 3439 1356 3489 indi·

231 3525 281 3566 tem
291 3516 385 3580 adjecta
397 3512 519 3580 prioribus
529 3511 601 3561 tuisse
610 3510 692 3560 misce
701 3511 777 3560 etatis
808 3528 922 3577 genarum
940 3528 1039 3562 manem
1050 3513 1140 3562 sineret
1157 3514 1274 3575 intactos,
1291 3516 1356 3566 unde

232 3590 373 3649 certamina,
384 3590 409 3638 in
420 3588 507 3654 quibus
516 3587 586 3653 pueri
600 3601 656 3635 cnm
665 3585 774 3650 ephebis,
808 3586 952 3652 religionum
968 3586 1135 3653 AEgyptiarum
1148 3596 1184 3637 tot
1195 3589 1227 3638 ad
1238 3606 1282 3639 nos
1297 3607 1355 3657 par·

232 3666 331 3718 fortasse
344 3665 417 3715 etiam
437 3679 493 3713 cum
512 3663 570 3711 viris
583 3671 774 3723 concurrerent,
809 3678 896 3711 venere
905 3671 1070 3711 monumenta.
1080 3656 1183 3722 Quando
1196 3673 1304 3714 mutatus
1314 3666 1357 3716 ille

232 3741 257 3792 id
271 3742 336 3807 quod
351 3741 376 3790 iu
391 3739 468 3789 stadio
483 3736 616 3804 praesertim
636 3736 706 3786 facile
724 3737 776 3786 fieri
809 3754 890 3786 rerum
901 3746 990 3797 status,
1006 3746 1089 3786 utrum
1103 3737 1147 3786 suh
1161 3738 1310 3802 Aureliano,
1324 3759 1355 3791 au

231 3818 320 3884 potnit.
342 3816 370 3867 ln
394 3815 444 3865 istis
458 3812 612 3878 inaequalium
629 3811 716 3860 virinm
734 3828 776 3861 ex·
808 3815 881 3879 paulo
894 3823 957 3879 post,
969 3812 1090 3862 nescimus
1098 3828 1129 3861 an
1140 3812 1223 3865 induci
1233 3816 1318 3882 possit,
1326 3833 1355 3867 ex

231 3892 372 3960 perimentis
389 3890 409 3939 si
427 3890 500 3938 umal
515 3888 601 3938 vicerit
613 3904 684 3954 puer,
705 3887 777 3952 plau·
809 3889 857 3938 hoc
868 3888 985 3938 hacteuus
1002 3904 1053 3937 uno
1071 3887 1191 3954 Sibyllino
1206 3893 1355 3955 testimonio,

232 3969 290 4018 dent
306 3977 331 4017 et
347 3964 480 4016 laudabunt
494 3973 652 4029 spectatorem
669 3962 706 4011 sin
720 3978 777 4011 vcro
809 3965 894 4030 utiquc
912 3980 961 4013 non
977 3973 1069 4013 temere
1087 3966 1241 4032 aegyptologis
1259 3978 1356 4036 prseter-

231 4054 280 4094 tres
294 4059 342 4093 uno
360 4041 415 4099 die,
434 4039 501 4105 quod
522 4037 609 4087 Noster
622 4037 775 4102 imaginatur,
809 4040 937 4090 mittendo.
951 4038 1023 4099 Quod
1038 4039 1058 4087 si
1070 4038 1125 4104 quis
1136 4056 1186 4089 rem
1202 4043 1302 4109 propius
1314 4060 1354 4093 ue-

231 4120 322 4170 ωἰτιιω
335 4118 382 4167 hoc
393 4114 471 4165 rideri
483 4114 582 4179 poterit,
593 4114 777 4177 notandumque
810 4115 838 4164 lit
849 4115 979 4180 inspicere,
991 4129 1102 4180 rogamus
1116 4115 1147 4163 ad
1166 4115 1271 4182 sisrgulas
1284 4136 1356 4170 voces

230 4188 777 4253 sicutsNostronotatur,tasrqnammemoria
809 4191 927 4241 attendat.
947 4189 1067 4240 Futurum
1089 4190 1154 4240 enim
1173 4191 1239 4242 istud
1260 4195 1356 4245 canitur

231 4270 340 4337 dignum.
349 4267 382 4317 ht
390 4262 777 4329 laliaunqusmexstitissediver·
810 4276 865 4333 post
893 4281 990 4331 grauem
1012 4265 1232 4317 Alexandrinorum
1256 4270 1355 4321 seditio·

231 4361 312 4397 sarum
321 4341 569 4402 aetstumcertamina,
582 4341 649 4389 nullo
660 4339 779 4389 hactenus
810 4356 875 4403 nem,
896 4339 1002 4389 immisso
1022 4338 1133 4390 Romano
1154 4341 1263 4392 exercitu
1289 4360 1355 4397 com·

231 4431 359 4473 auratorum
373 4418 511 4467 testimonio
521 4415 692 4481 comperimus.
702 4414 777 4464 vide·
811 4432 926 4482 pressam,
937 4432 985 4464 lton
995 4416 1122 4465 incruente
1132 4420 1198 4476 sarie,
1210 4432 1255 4466 nec
1264 4418 1357 4486 absque

231 4497 282 4548 rint
299 4497 401 4546 istarum
418 4509 500 4542 rerum
520 4491 607 4542 curiosi
627 4507 657 4540 an
680 4507 708 4541 cs
730 4490 777 4540 hoc
809 4492 876 4542 urbis
889 4491 1034 4558 direptione,
1050 4490 1135 4558 Sibyll.
1152 4495 1209 4550 305,
1223 4508 1280 4559 sqq.
1295 4495 1359 4548 Tum
1387 4529 1392 4537 .
