3186 5310
502 407 788 496 sistunonuu
808 433 881 494 um.
908 435 943 493 v..
1224 433 1280 494 ter

287 562 353 626 'Vre
367 563 438 646 tibi,
457 589 516 647 vae,
536 566 679 657 Babylon
694 567 818 656 ingens,
836 550 1016 658 soliumque
1034 568 1196 658 pedesque

252 670 376 735 Aurea!
394 672 462 753 Vae,
481 672 590 761 regina
602 673 656 738 diu
673 673 835 740 dominata
855 699 913 764 per
924 676 1050 757 orbem,

163 774 226 853 435
251 777 339 841 Urbs
355 794 446 843 vetus
461 795 494 843 et
509 780 673 867 quondam
688 780 756 845 sola
773 783 865 847 urbs!
881 806 946 852 non
960 780 1238 871 montibus-aureis

250 882 408 970 Amplius,
426 885 600 973 Euphratis
615 910 680 951 non
688 888 758 972 jam
772 886 927 952 residebis
943 887 984 952 ad
1000 887 1123 952 undas:

250 987 378 1078 Quippe
395 990 491 1055 cades
504 1008 596 1056 motu
613 992 733 1057 subito.
753 995 799 1057 Te
816 992 936 1057 fecerat
951 1010 1042 1058 atrox

251 1094 406 1182 Reginam
424 1097 572 1167 Parthus.
591 1099 654 1163 Sed
666 1122 752 1163 nunc
764 1122 800 1163 os
817 1097 1004 1186 comprime,
1022 1099 1104 1165 foeda

250 1202 405 1268 Chaldaeae
421 1206 560 1274 soboles.
582 1208 632 1271 Ne
647 1230 734 1285 cura,
752 1229 831 1270 neve
845 1205 971 1295 require

163 1313 226 1386 44ο
250 1310 325 1390 Quo
340 1310 440 1398 possis
455 1329 548 1400 pacto
561 1315 674 1379 Persas
688 1315 842 1378 Medosve
856 1312 998 1378 domare.

249 1416 333 1479 Nam
350 1418 438 1504 regni
454 1443 561 1499 causa,
580 1420 695 1502 missis,
717 1444 796 1509 quos
808 1420 934 1485 mittere
946 1425 1032 1508 jussa
1044 1444 1092 1501 es,

250 1520 427 1589 Obsidibus
444 1526 593 1602 Romam,
613 1544 710 1614 atque
726 1524 809 1590 ssiae
822 1525 973 1590 famulata
988 1526 1147 1614 superbie,

250 1627 421 1710 Iudicium,
442 1631 568 1720 sapiens
582 1631 659 1696 olim
676 1631 796 1719 regina,
813 1631 937 1697 subibis

249 1735 442 1802 Criminibus
457 1738 602 1826 dignum,
617 1755 650 1804 et
663 1761 769 1827 poenas
788 1761 862 1802 cum
876 1737 987 1802 fenore
1005 1736 1124 1818 solves,

163 1841 225 1918 445
251 1842 391 1908 Hostiles
407 1862 538 1933 experta
553 1845 644 1911 malis
656 1868 715 1935 pro
728 1843 861 1910 vocibus
875 1844 949 1909 iras.

296 1951 450 2013 Arescent
466 1973 540 2014 vero
554 1949 707 2015 extremis
724 1948 823 2013 ursaria
838 1949 906 2036 ipsa
919 1948 1044 2030 diebus,

251 2051 328 2116 Itala
341 2077 402 2117 nec
417 2053 496 2119 velis
507 2055 715 2141 tendeutjam
727 2056 766 2119 ad
783 2054 875 2119 litora
893 2078 1000 2119 naves.

250 2159 333 2222 Tum
350 2159 484 2249 pingues
501 2161 581 2225 Asiae
593 2161 697 2251 campi
716 2177 881 2225 vertentur
893 2160 925 2224 in
942 2162 1056 2242 undas,

251 2266 292 2328 Et
306 2267 400 2330 Creta
416 2265 449 2328 in
465 2290 626 2357 campum.
647 2268 741 2332 Feret
753 2284 785 2331 et
800 2269 865 2330 lata
881 2290 994 2355 aspera
1010 2269 1148 2355 Cyprus,

163 2371 227 2448 450
251 2372 293 2434 Ει
306 2373 433 2460 Paphus
448 2372 619 2439 infaustam
634 2391 754 2439 sortem
766 2390 885 2461 gemet,
901 2390 933 2436 et
947 2373 1106 2438 Salamina

251 2482 419 2569 lugentem
435 2481 544 2548 videas
560 2485 674 2548 urbem
689 2482 772 2547 mala
785 2482 883 2546 multa
902 2482 1078 2562 dolentem,

250 2585 360 2650 Cultus
375 2610 451 2674 ager
466 2588 619 2676 quoniam
633 2586 749 2653 sterilis
761 2603 836 2651 tunc
849 2585 905 2649 liet
919 2610 1027 2651 arena.

248 2693 363 2781 Cypria
378 2718 438 2759 uec
454 2719 564 2783 paucae
578 2695 749 2759 vastabunt
762 2717 837 2757 arta
854 2693 1002 2768 locustae3

249 2805 491 2894 conspectaque
505 2807 603 2895 Tyro,
621 2803 773 2868 mortales
790 2799 906 2866 llebitis
920 2802 1006 2889 aegri.

161 2908 224 2988 455
249 2912 410 2995 Phoeuiee,
427 2911 598 2978 metuenda
613 2909 672 2976 tibi
691 2925 781 2998 parat
796 2910 841 2973 ira
854 2908 993 2989 ruinam,

250 3016 391 3082 Exitium
409 3042 483 3083 vere
495 3035 530 3083 ut
545 3018 673 3108 plorent
688 3018 809 3083 sirenes
827 3016 993 3080 acerbum.

294 3128 335 3188 At
351 3148 467 3213 genere
481 3124 514 3188 in
530 3123 643 3212 quinto
656 3139 828 3212 postquam
841 3120 881 3184 de
895 3120 985 3184 clade
997 3120 1115 3207 quierit

249 3231 421 3319 AEgyptus,
433 3231 511 3296 dum
526 3230 610 3296 sceda
624 3230 721 3295 duces
735 3226 896 3293 connubia
909 3228 1059 3314 jungent,

249 3339 435 3427 Omnigeuae
449 3338 601 3403 invadent
617 3353 728 3425 gentes
741 3334 891 3423 AEgyptia
905 3355 993 3413 rura,

161 3446 227 3524 460
249 3447 355 3532 Atque
368 3444 579 3524 Macedoniae,
600 3444 772 3531 Libyaeque
791 3440 937 3528 Asiaeque
954 3439 1121 3506 tremenda

250 3550 307 3616 Vis
325 3549 402 3616 belli
420 3552 596 3632 incumbet,
612 3567 732 3618 terram
743 3570 892 3636 sparsura
909 3570 1036 3628 cruore,

160 3748 251 3797 bellum
265 3749 291 3797 in
313 3748 426 3816 AEgypto,
442 3749 516 3814 inque
529 3749 678 3807 Macedonia,
691 3747 755 3809 llsia,
770 3743 861 3807 lllrica,
872 3742 1082 3809 comprimendum
1100 3741 1234 3808 perliomre
1244 3760 1282 3795 re·

160 3848 213 3898 gem
226 3832 372 3899 [Augustum
382 3835 479 3902 nempe]
492 3843 517 3885 et
531 3831 664 3908 occidentis
672 3832 785 3897 dynastas
799 3828 840 3894 [id
850 3837 896 3888 est,
905 3826 1027 3878 Romanos
1040 3826 1163 3894 Caesares}
1172 3856 1203 3865 -

196 4007 252 4057 stt.
272 4007 320 4056 Pro
333 4007 399 4063 τότε.
412 4024 444 4057 sn
456 4008 541 4058 melius
552 4013 631 4060 nors?
770 4006 828 4055 456.
848 4003 877 4053 ln
891 4000 948 4058 tine,
963 3999 1065 4056 ἀναιδεῖς
1076 3999 1203 4065 legendum
1216 4010 1241 4051 et
1252 4000 1282 4050 ad

195 4083 254 4132 449.
272 4081 306 4131 lle
329 4082 410 4148 Cypro
433 4093 563 4143 commota,
592 4082 638 4134 cir.
662 4067 713 4146 lV,‘
736 4079 890 4145 Cleopatram
902 4076 1068 4127 referendum.
1131 4073 1143 4087 ²

165 4151 227 4208 125,
248 4164 303 4214 sq.;
324 4152 380 4207 146,
393 4165 445 4215 sqq.
772 4159 830 4205 460.
849 4153 926 4203 Codd.
941 4152 983 4202 isai
996 4152 1119 4201 lusciosos:
1135 4149 1284 4200 correximus

195 4226 254 4275 ⁴5⁰·
272 4223 349 4275 (lodd-
364 4226 435 4282 &lits
596 4268 605 4279 .
737 4244 781 4280 nos
797 4229 887 4293 emnj.
907 4226 970 4290 Quid
983 4224 1048 4275 euim
1061 4225 1103 4275 bic
1116 4234 1187 4289 agant
1202 4224 1287 4290 Lycii,

196 4302 253 4351 466.
273 4299 348 4350 Codd.
358 4300 467 4366 plerique
475 4300 631 4351 ιλαύσωνται
640 4299 705 4365 (sic).
738 4304 801 4354 erasi
816 4313 874 4353 tunc
886 4319 915 4353 er
935 4300 992 4351 albo
1009 4300 1158 4351 nationum?
1181 4300 1283 4359 Contra,

196 4377 254 4434 467,
272 4391 309 4441 sq.
331 4376 384 4426 llus
396 4377 503 4443 pertinet
519 4376 562 4427 καὶ
576 4377 633 4426 τότι
644 4377 707 4427 παῦ·
739 4379 874 4446 Cleopatras
881 4388 955 4444 atquc
962 4377 1017 4426 ideo
1028 4375 1128 4426 (laseris
1134 4373 1285 4441 temporibus

162 4468 204 4513 σῃ,
219 4450 263 4501 lib.
276 4449 322 4512 lll,
337 4454 393 4510 att,
407 4451 542 4503 notandum
560 4468 609 4518 pru
621 4451 707 4506 esteris
738 4454 803 4505 bella
815 4453 924 4505 ridemus
937 4453 963 4502 iu
973 4452 1052 4501 :lleiea
1062 4450 1183 4501 exarsisse.

162 4525 354 4588 hemistichium,
367 4527 399 4577 sd
412 4528 477 4593 quod
491 4528 547 4578 ride
556 4536 608 4578 not.
772 4534 828 4581 461.
848 4528 923 4582 6066,
936 4527 1157 4593 κοσμοκαρήςειοά
1169 4524 1214 4577 eir.
1224 4528 1281 4578 466
