3186 5310
236 393 295 452 384
737 389 853 449 NO'l'AE

234 537 264 571 en
277 530 343 572 certa
354 522 459 586 quadam
476 520 571 587 sibique
584 520 705 570 constanti
720 520 779 569 doc·
805 521 891 587 nisque
903 517 1017 581 condita,
1034 519 1071 568 rel
1083 518 1251 585 sarcophagis,
1261 517 1352 584 quibus

233 595 300 646 trina
314 594 492 659 chronologica,
508 604 650 658 argumento
664 595 782 660 estquod
805 595 997 654 absumerentur,
1024 595 1126 645 inclusa.
1156 595 1247 644 locum
1280 595 1353 644 illum

234 670 273 720 his
284 671 310 720 in
321 671 433 719 eumdem
447 685 576 719 numerum
589 669 716 730 relabitur,
730 669 781 729 xl,
805 671 942 735 proximum
952 671 1023 720 fuisse
1036 686 1120 735 regum
1133 669 1226 736 palatio
1239 669 1351 719 subindi-

236 748 300 809 2123
312 744 366 803 xtl,
379 748 419 795 12.
432 745 526 794 Nireris
537 745 632 794 nullum
641 745 710 794 istius
720 744 780 794 doc·
805 755 845 795 cst
858 745 939 796 addita
959 761 1006 794 vox
1024 743 1118 802 οἴκοθι,
1140 746 1207 809 quod
1227 745 1350 795 etiamen

234 820 306 870 trina
323 819 447 885 vestigium
465 820 529 885 upud
547 829 639 869 ceteros
652 819 781 886 scriptores
805 819 930 871 Plutarchi
942 820 1082 870 narratione
1091 821 1121 870 de
1135 819 1236 871 Antonii
1248 820 1351 870 etCleo·

235 910 374 946 occurrere.
394 895 463 956 Quod
483 895 503 943 si
522 895 609 945 ducem
628 905 724 944 secutus
744 904 781 945 est
806 905 881 960 patre
890 904 968 945 morte
979 896 1053 961 magis
1064 896 1153 944 elucet.
1167 894 1291 945 Habemus
1305 911 1349 944 au·

235 969 377 1032 Noster(id
391 986 449 1020 rero
465 969 536 1019 nohis
552 969 651 1019 omnino
672 973 780 1034 certum)
804 978 855 1019 tem
880 972 1031 1020 monumenti
1060 968 1181 1028 formam,
1201 987 1255 1036 qua
1279 980 1350 1020 antea

235 1045 496 1111 aliquemsepriorem,
507 1045 527 1094 is
535 1061 581 1095 nee
590 1046 660 1094 valde
667 1045 781 1111 antiquus
804 1045 887 1110 ignota
897 1056 950 1096 erat
960 1080 968 1105 ,
978 1045 1049 1095 facile
1062 1061 1092 1095 ex
1106 1045 1153 1095 hoe
1164 1044 1287 1112 Sibyllino
1298 1045 1350 1095 loco

235 1121 310 1171 fuerit
324 1137 368 1170 uec
388 1121 491 1170 multum
512 1120 657 1170 auctoritate
678 1120 781 1170 valuerit
804 1119 1005 1170 describendam:
1027 1121 1145 1170 rotundus
1162 1119 1210 1170 fuit
1227 1120 1349 1180 tumultu,

235 1206 341 1263 oportet,
352 1196 420 1260 cujus
428 1195 512 1260 opinio
525 1211 570 1245 nec
580 1196 677 1244 laudata
686 1211 731 1245 nee
741 1211 780 1244 re·
804 1196 952 1262 rrspldpopoc
962 1196 1070 1253 τύμὸος,
1087 1195 1171 1245 multis
1183 1195 1279 1245 cirrum
1291 1195 1350 1245 ohe·

235 1271 325 1332 fututa,
341 1271 415 1321 immo
429 1286 460 1320 ne
478 1270 553 1320 citata
565 1270 665 1336 quidem
679 1270 711 1319 ab
729 1270 780 1320 ullo
805 1269 869 1319 lisois
882 1272 920 1320 uel
934 1269 1033 1335 fastigiis
1057 1270 1198 1332 decoratus,
1223 1271 1350 1320 πολλαῖσιν

235 1347 355 1413 scriptore
372 1346 503 1412 reperitur.
523 1346 613 1411 Utique
625 1361 685 1410 quos
698 1345 780 1395 Rome
805 1344 962 1412 Ιφάρμοστος
974 1347 1139 1411 inperpetuo,
1159 1361 1233 1411 quam
1247 1345 1350 1395 forman

234 1422 339 1488 dempsit
350 1432 478 1473 anuoscrv
493 1422 530 1470 sel
544 1435 586 1483 cv,
601 1421 782 1471 necessariore-
805 1421 882 1469 nostri
892 1420 1016 1471 interdum
1037 1419 1167 1470 architecti
1186 1420 1350 1486 picturaque,

234 1496 781 1564 qumtemporibusdetrexit.ldsanemultum
804 1496 932 1561 supplente
953 1494 1090 1544 doctrinam
1121 1492 1237 1560 ingenio,
1261 1494 1352 1546 meeis

236 1573 371 1623 Niebuhrio
382 1572 521 1639 placuisset,
531 1571 695 1621 Romanarum
705 1571 781 1621 histo-
804 1569 939 1620 artificibus
949 1569 1019 1620 inscii
1032 1569 1216 1636 subripuerunt.

236 1648 329 1698 riarum
341 1646 491 1712 sagacissimo
501 1646 663 1696 reformatori.
683 1646 781 1697 Notavit

238 1723 305 1772 euim
317 1737 424 1770 summus
436 1720 475 1769 sir
488 1721 535 1771 fide
548 1737 597 1770 uon
610 1737 660 1770 esse
671 1721 779 1787 dignum,
961 1740 998 1777 sp
1015 1740 1118 1779 unu!
1135 1726 1190 1778 ΧΙΙ,
1250 1727 1253 1730 ⁴

236 1796 349 1862 exemplo
362 1795 452 1861 quippe
466 1791 551 1846 carens
561 1795 588 1844 iu
602 1797 711 1846 omnium
722 1814 781 1862 geu·

236 1873 299 1924 tium
316 1871 458 1933 annalibus,
472 1871 556 1936 grandi
576 1871 655 1936 spatio
676 1871 780 1921 duonum
839 1881 946 1928 :to-38.
968 1877 1045 1928 luens
1067 1877 1167 1927 omnino
1185 1876 1350 1935 οὴήειὶιῃω,

239 1964 298 1999 cum
314 1946 415 1996 dimidio
436 1947 579 1996 seculorum
599 1962 672 2012 regna
689 1957 781 2012 septem
805 1951 917 2018 ideoque,
930 1951 1009 2002 brevis
1020 1952 1085 2011 lieet,
1097 1952 1235 2002 inauctore
1253 1950 1352 2017 penitus

236 2024 354 2073 duntaxat
362 2021 491 2079 contineri,
500 2021 634 2087 presertim
644 2037 720 2086 quum
730 2022 781 2087 ple·
804 2026 886 2077 ludeo
900 2027 1023 2077 notabilis.
1039 2026 1086 2076 Sed
1095 2027 1172 2077 Judtei
1185 2026 1240 2088 isti,
1252 2042 1353 2092 preser-

236 2097 422 2162 riqucistireges
429 2096 536 2145 violenta
543 2106 621 2145 morte
630 2096 718 2146 sublati
726 2113 781 2162 per·
805 2101 849 2151 tim
862 2102 904 2167 qui
925 2103 1055 2168 aliquando
1074 2102 1212 2152 christianas
1229 2103 1352 2151 doctrinas

235 2173 376 2229 hibeantur,
387 2189 449 2222 unus
459 2187 531 2221 senex
539 2172 570 2220 ad
577 2172 665 2221 solium
675 2182 780 2232 erectus,
805 2177 884 2227 obiter
902 2177 991 2227 initiati
1005 2177 1123 2238 fuissent,
1140 2178 1197 2227 inde
1216 2177 1248 2228 ad
1271 2179 1352 2244 patria

236 2248 298 2297 alius
311 2248 420 2296 nondum
440 2263 513 2296 senex
527 2246 586 2295 solio
599 2245 714 2311 dejectus.
731 2246 780 2296 Sed
805 2268 872 2303 sacra
888 2254 994 2311 reversi,
1007 2255 1089 2303 desuo
1102 2269 1158 2303 cum
1176 2253 1271 2303 Nostris
1281 2269 1351 2302 oom-

235 2340 267 2374 ue
279 2323 330 2389 ipse
338 2322 435 2388 quidem
447 2321 594 2371 Niebuhrius
602 2321 721 2387 Sibyllino
732 2322 781 2371 hoc
805 2328 895 2378 mercia
908 2330 1059 2379 retinuerant
1069 2329 1353 2394 quasiooloremquetu·

237 2399 385 2455 testimonio,
397 2398 416 2447 si
431 2407 516 2447 uotum
529 2397 661 2455 habuisset,
676 2397 780 2447 multum
805 2404 861 2454 dam
869 2405 956 2470 passim
969 2420 999 2453 ex
1010 2405 1118 2469 ipsorum
1132 2403 1228 2469 scriptis
1239 2403 1353 2453 emm.

237 2490 262 2523 se
272 2475 396 2539 jactasset,
411 2483 462 2524 tam
479 2472 580 2521 infirma
594 2473 685 2539 quippe
696 2482 780 2522 aucto·
805 2489 869 2537 sem,
884 2489 910 2529 et
920 2488 1058 2528 nostrarum
1071 2478 1214 2544 opinionum
1234 2477 1356 2543 migh,

236 2550 324 2599 ritatis.
337 2549 417 2599 Etiam
429 2548 472 2613 qui
481 2548 547 2597 illam
556 2548 697 2597 sententiam
704 2557 781 2615 poete
805 2555 887 2619 qualia
909 2554 947 2604 bis
966 2563 1009 2603 aut
1021 2563 1058 2604 ter
1072 2555 1097 2603 iu
1110 2552 1149 2603 his
1162 2554 1297 2620 prasertim
1310 2554 1349 2603 ul·

237 2634 320 2674 110⁸er
331 2624 507 2683 commilitii,
526 2623 632 2688 ”liquem
651 2622 722 2671 fuiste
734 2639 781 2688 Pu·
806 2629 871 2679 timis
883 2629 952 2678 libris
966 2628 1191 2694 deprehenduntur,
1201 2628 1277 2688 infra,
1286 2632 1350 2691 2³2,

238 2709 317 2750 tamus
335 2698 481 2765 Sibyllarum
500 2698 628 2754 fautorem,
639 2698 682 2762 qui
698 2713 712 2746 e
733 2697 780 2746 Ro·
807 2704 880 2755 Μαι
890 2705 1030 2764 xlv‚281,
1044 2721 1096 2770 sqq,
1109 2704 1247 2754 Titiseniam
1258 2704 1356 2769 aliquid

237 2775 315 2825 mauis
333 2774 400 2823 fastis
423 2783 541 2838 quantum
567 2773 647 2836 potnit
674 2773 782 2822 recidere
807 2779 943 2829 notavimus
960 2779 986 2828 in
1005 2779 1078 2840 libro,
1100 2790 1208 2830 oesemm
1226 2795 1295 2829 mere
1309 2780 1355 2830 illo

238 2859 340 2898 conatus
351 2849 383 2898 sit
393 2849 430 2898 rel
441 2849 513 2897 rusius
525 2848 618 2896 oraculi
631 2864 701 2897 caiisa
715 2848 781 2913 quod
805 2870 902 2921 quoque
914 2854 1022 2919 judaico,
1034 2856 1064 2914 V,
1079 2859 1136 2914 255,
1151 2871 1203 2921 sqq.

238 2940 311 2989 supra
322 2924 421 2988 legimus
434 2922 496 2971 libro
509 2922 576 2985 vttl,
591 2927 646 2980 tte.
658 2939 721 2989 sqq,
732 2924 781 2972 llo-
840 2933 881 2978 45.
900 2929 990 2979 Urbem
1007 2929 1074 2980 illam
1087 2931 1118 2979 ad
1131 2929 1266 2979 Eridanum
1281 2927 1355 2979 sitam

239 3015 303 3049 mam
323 2998 429 3049 nominis
445 3000 482 3048 sui
498 3015 575 3048 annos
594 3011 716 3050 craxavnr
736 3001 782 3050 im·
806 3004 957 3055 hauddubie
974 3004 1118 3055 Cremonam
1131 3005 1263 3071 intelligit,
1277 3021 1354 3071 quam

238 3076 367 3140 pleturam,
379 3075 445 3140 quod
458 3084 483 3124 et
496 3084 605 3125 recurret
624 3074 699 3133 infra,
714 3074 780 3138 lllll,
806 3090 887 3130 tamen
907 3080 952 3130 sub
964 3080 1063 3130 Tiberio
1083 3081 1202 3147 direptam
1224 3080 1287 3130 falso
1308 3080 1353 3141 ait,
1376 3086 1379 3090 “

239 3153 301 3209 469,
325 3166 377 3216 sqq.
407 3151 468 3200 uam
492 3165 650 3215 quacumque
677 3149 781 3214 fingatur
805 3172 909 3221 quanm
920 3155 985 3205 enim
999 3171 1071 3206 uun
1087 3158 1124 3206 vet
1144 3172 1194 3222 quo
1213 3160 1355 3222 pratum?

237 3234 293 3275 etas
304 3226 380 3290 ignoti
393 3225 461 3275 istius
475 3225 626 3291 chronologi,
641 3224 713 3273 modo
727 3234 780 3290 post
805 3231 887 3296 Neque
898 3232 928 3281 ad
947 3230 1131 3281 triumvirorum
1144 3241 1256 3297 tempora
1274 3232 1355 3296 respi-

235 3301 371 3350 rlntoninos
388 3301 476 3352 vixerit
494 3302 596 3365 ideoque
608 3310 661 3366 post
682 3299 779 3350 fatalem
804 3305 926 3362 ciendum,
946 3304 1035 3369 quibus
1047 3306 1167 3356 Cremona
1179 3321 1237 3370 agro
1250 3305 1354 3370 quidem

235 3394 326 3428 aunum
335 3379 453 3444 elapsum,
464 3380 573 3445 profecto
582 3380 727 3428 alterutrum
737 3395 779 3428 ue·
804 3381 907 3446 privata,
924 3380 987 3429 nihil
1004 3390 1086 3431 tamen
1105 3381 1170 3430 iutra
1185 3395 1268 3430 muros
1281 3396 1352 3447 passa

234 3469 298 3503 cesse
307 3469 357 3502 esse
371 3455 491 3519 cognorit,
501 3454 539 3503 vel
549 3454 669 3503 mendacii
683 3463 779 3503 tenere·
804 3466 848 3506 est.
861 3457 893 3505 ht
903 3455 968 3505 bello
986 3456 1052 3505 cirili
1065 3457 1130 3507 inter
1140 3455 1232 3506 vitellii
1248 3464 1275 3506 et
1293 3455 1354 3506 Ves-

233 3537 275 3576 tur
288 3529 421 3586 oraculum,
436 3530 471 3578 vel
487 3529 579 3594 aliquid
594 3528 715 3578 dellomae
724 3529 779 3578 fatis
803 3530 896 3595 pasiani
912 3540 992 3596 partes
1009 3546 1074 3581 anno
1092 3540 1146 3597 post
1166 3531 1294 3581 Christum
1309 3535 1353 3590 stt,

234 3602 409 3652 detraheretur.
423 3604 471 3653 Sed
484 3603 536 3654 hnc
561 3604 657 3670 plenius
669 3605 778 3671 exposita
804 3620 879 3669 quum
890 3606 941 3670 ejus
958 3606 1024 3655 urbis
1042 3606 1106 3655 cives
1119 3605 1254 3656 Vitellianas
1271 3621 1352 3656 cause

232 3686 290 3728 sunt
304 3677 329 3727 in
342 3679 401 3729 Exc.
416 3678 460 3737 Vl,
475 3689 539 3744 part.
552 3679 638 3744 l,eap.
655 3681 679 3730 l.
802 3679 931 3730 infeliciter
956 3680 1128 3742 adhesissent,
1153 3696 1168 3730 a
1196 3680 1351 3742 victoribus,

269 3755 327 3804 tut.
346 3752 462 3804 Tumulus
491 3755 543 3810 ille,
570 3755 612 3819 qui
637 3753 701 3819 apud
718 3754 777 3803 Nos-
798 3755 964 3820 jussuuempe
979 3756 1079 3805 Antonii
1103 3753 1178 3805 Primi
1196 3771 1242 3820 pro
1258 3754 1352 3822 Vespa·

233 3836 299 3877 trum
318 3830 425 3893 τύμὸος,
442 3832 482 3880 sed
509 3829 679 3880 Alexandrinis
705 3831 775 3895 vulgo
801 3831 868 3880 siano
883 3830 968 3896 legati,
983 3831 1147 3880 crudelissime
1158 3830 1256 3880 multati
1268 3840 1348 3880 sunt:

233 3905 302 3967 σῆμα
320 3905 370 3967 (ita
389 3915 477 3956 vocant
497 3905 585 3956 Strabo
607 3914 632 3954 et
656 3904 776 3954 Zenobius
800 3906 847 3971 ipsi
871 3905 976 3955 caedibus
995 3917 1020 3956 et
1044 3922 1117 3956 omne
1145 3921 1221 3971 genus
1247 3903 1352 3970 injuriis

233 3980 298 4043 apud
309 3980 339 4028 ll.
355 3980 439 4048 Steph.
461 3981 536 4033 Paris.
544 3984 562 4043 l,
578 3980 712 4031 communis
728 3980 774 4031 fnit
800 3980 897 4039 traditi,
908 3980 966 4030 urbs
979 3981 1073 4047 direpta
1085 3997 1129 4046 per
1140 3979 1300 4045 quatriduum
1312 3980 1351 4031 in-

206 4069 209 4075 ·
234 4053 367 4104 Ptolemais
389 4057 517 4122 sepulture
539 4057 617 4113 locus,
642 4054 773 4105 Alexandri
799 4056 1022 4121 censuque,'lacit.
1045 4057 1106 4106 llist.
1125 4055 1174 4117 ΙΙΙ,
1198 4054 1278 4121 58³.
1293 4055 1351 4106 Huc

232 4126 311 4193 lingui
320 4130 429 4196 sepulcro
439 4133 573 4195 contiguus,
585 4147 641 4180 cum
651 4146 701 4195 quo
709 4130 773 4180 male
798 4133 903 4196 respexit
916 4131 1008 4188 Noster,
1028 4131 1144 4181 memoria
1158 4131 1253 4196 lapsus,
1270 4139 1301 4180 ut
1312 4131 1350 4180 ri-

230 4218 245 4252 s
263 4205 383 4270 plerisque
397 4206 512 4255 coulrmdi
535 4207 601 4256 solet.
622 4206 649 4254 ln
661 4222 690 4255 co
707 4205 773 4255 ride-
798 4207 876 4274 detqr,
889 4222 934 4256 nec
952 4216 1000 4256 tam
1014 4208 1044 4256 de
1058 4207 1186 4256 rcerrarit
1198 4216 1349 4271 quamtam-

231 4277 288 4328 licet
301 4278 485 4344 deponebantur
496 4280 640 4346 Lapidarum
652 4296 770 4346 corpora,
798 4297 857 4347 pora
866 4281 985 4331 confudit.

229 4368 279 4401 non
293 4352 384 4412 fasciis,
397 4355 443 4404 nisi
457 4354 577 4411 fallimur,
590 4355 701 4422 AEgyptio
721 4356 771 4405 ritu
832 4362 871 4408 li.
890 4357 960 4407 Falso
985 4356 1110 4407 ‘liberium
1137 4356 1202 4406 ferro
1227 4356 1350 4409 interficit

231 4426 352 4488 insoluta,
364 4431 403 4479 sed
417 4446 493 4495 greco
511 4446 579 4480 more
594 4442 714 4490 cremata,
728 4449 771 4481 uu
799 4431 901 4489 Noster,
923 4433 989 4497 quod
1009 4433 1040 4482 sb
1061 4440 1161 4482 auctore
1178 4432 1237 4484 libri
1261 4435 1348 4500 quinti
