3186 5310
571 421 851 485 stanuuoamt
871 422 945 483 us.
968 421 1004 504 v.

234 556 294 634 145
318 555 424 620 Saeviit
441 577 570 635 uxores,
586 572 662 621 etse
682 554 722 619 de
735 554 887 642 sanguine
901 570 1023 619 cretum

319 661 431 751 Arguit
444 660 583 749 impuro.
602 663 684 725 Tum
698 664 810 726 Persas
822 660 910 725 exsul
926 658 1039 740 adibit,

317 768 550 856 Medorumque
562 767 672 848 duces,
686 768 768 832 miro
782 791 864 856 quos
882 766 963 831 fovit
978 789 1101 847 amore,

316 877 397 939 Cum
411 874 528 964 quibus
548 875 649 940 inviso
660 875 779 964 populo
798 874 880 938 mala
898 873 997 937 multa
1012 873 1144 961 paravit.

318 983 390 1070 lpse
405 983 506 1048 aetlem
520 981 662 1047 incendit
675 980 827 1062 divinam,
844 997 876 1044 et
889 980 973 1044 dona
992 979 1129 1044 ferentes

235 1091 294 1152 150
318 1089 354 1150 ln
372 1089 527 1176 templum
540 1089 634 1169 cives,
648 1087 760 1152 merita
775 1111 856 1176 quos
867 1085 961 1150 laude
973 1084 1102 1150 sacravi.

317 1197 464 1283 Namque
476 1194 531 1259 illo
549 1197 695 1261 veniente
709 1196 814 1259 omnis
831 1211 943 1258 natura
957 1192 1079 1257 revulsa
1101 1210 1169 1275 est;

320 1305 359 1365 Et
375 1325 467 1390 reges
479 1302 619 1391 periere3
637 1319 669 1366 et
687 1326 825 1391 quorum
837 1302 921 1367 salva
936 1318 1089 1390 potestas,

318 1410 441 1473 Urbem
454 1409 638 1497 praeclaram
655 1425 807 1474 eruerunt
822 1426 1013 1497 gentemque
1031 1408 1170 1498 piorum.

363 1516 424 1580 Sed
437 1541 537 1607 quum
552 1517 641 1582 stella
659 1517 770 1606 ingens
787 1533 902 1606 quarto
918 1515 1053 1603 fulgebit
1064 1516 1105 1580 ab
1117 1537 1216 1595 anno,

233 1624 292 1689 155
319 1623 458 1689 Exitium
474 1624 566 1689 terris
578 1624 756 1713 importans
768 1639 900 1713 propter
912 1624 1054 1687 honores

317 1732 406 1812 Quos
425 1730 477 1795 isti
490 1731 612 1819 primos
632 1731 785 1819 Neptuno
799 1729 900 1816 egisse
914 1729 1071 1810 feruntur,

318 1834 366 1897 lle
381 1834 458 1898 caelo
473 1835 506 1898 iu
520 1833 635 1900 lluctus
650 1834 743 1899 cadet
755 1835 866 1922 ingens
878 1834 981 1915 stella,
996 1833 1258 1924 profundumque

319 1942 437 2004 Exuret
453 1958 601 2029 pontum,
618 1959 714 2031 atque
730 1941 832 2031 ipsam
852 1941 1014 2030 Babylona
1029 1940 1198 2022 cremabit,

319 2047 359 2109 Et
374 2061 492 2109 terram
507 2047 617 2130 ltaliae,
636 2050 725 2134 cujus
743 2047 887 2113 cecidere
904 2049 964 2113 sub
976 2046 1074 2111 armis

236 2157 295 2217 tb'o
319 2152 425 2216 Sancti
443 2154 653 2218 Hebraeorum
673 2154 783 2244 populi
797 2153 968 2242 divinaque
985 2153 1116 2241 templa.

363 2260 517 2326 Mortales
534 2260 616 2325 inter
632 2277 666 2325 tn
681 2260 817 2349 pessima
836 2261 900 2325 sata
916 2259 1052 2341 subibis,

305 2368 448 2454 .l‘roque
467 2366 558 2432 malis
574 2368 657 2431 mala
674 2368 773 2432 multa
788 2368 884 2449 feres,
901 2367 1075 2457 longasque
1091 2365 1216 2431 dolebis

320 2471 393 2535 Solu
408 2496 466 2561 per
479 2489 598 2555 aetates,
615 2473 753 2555 deserta,
772 2473 952 2539 colentibus
967 2476 1059 2555 orba,

320 2582 471 2643 Aversuta
485 2579 589 2644 solum
606 2580 784 2670 proprium,
804 2581 890 2669 quod
906 2581 975 2646 laeta
990 2579 1132 2659 venenis,

236 2684 295 2749 165
320 2685 467 2773 Laetaque
482 2684 659 2768 adulteriis,
676 2710 850 2775 puerorum
865 2687 937 2752 laeta
952 2687 1038 2752 fuisti
1175 2762 1178 2768 ¹

320 2791 512 2872 Concubitu,
531 2816 698 2881 praegnans
715 2793 812 2876 vitiis,
833 2794 932 2876 vafra,
949 2793 1067 2875 mollis,
1083 2792 1206 2882 iniqua.

320 2898 375 2960 Vae
389 2896 460 2979 tibi,
474 2922 521 2961 vae
539 2922 679 2987 semper,
700 2916 793 2964 terrae
811 2902 890 2966 urbs
902 2900 1028 2990 impura
1039 2899 1172 2976 Latinae,

320 3004 440 3068 Maenas
453 3003 597 3092 viperea,
616 3006 657 3070 ad
671 3004 757 3095 ripas
772 3006 898 3071 viduata
913 3005 1045 3092 jacebis,

320 3111 361 3173 Et
375 3109 484 3174 Tiberi
504 3109 599 3175 lluvio
613 3111 711 3178 tristis
728 3111 897 3178 delleberis
913 3137 1009 3194 uxor,

236 3238 296 3302 ¹70
319 3215 535 3303 Sanguineum
548 3217 621 3304 quia
636 3235 747 3307 pectus
762 3235 794 3282 et
809 3218 907 3308 impia
922 3219 1022 3283 corda
1038 3216 1148 3284 tulisti.

232 3431 280 3482 eris
291 3432 464 3498 antiquissimis
475 3434 569 3502 ipsique
578 3434 651 3486 Urbis
661 3437 747 3487 coevis
758 3439 776 3505 ]‚
789 3439 895 3489 maxime
909 3454 967 3488 tero
979 3437 1011 3488 ob
1024 3437 1144 3487 incussam
1152 3434 1241 3486 ludatis
1249 3435 1352 3484 cladem.

233 3545 265 3554 -
282 3521 326 3570 161
342 3534 396 3583 sqq.
413 3517 558 3586 lmprecatio
572 3520 597 3568 in
610 3518 720 3580 Romam,
735 3523 803 3588 cujus
815 3521 875 3573 ritis
885 3537 968 3572 rursus
976 3530 1140 3579 recensentur,
1154 3517 1288 3586 plectenda
1295 3517 1353 3568 olim
1452 3560 1456 3567 .

233 3618 248 3652 ι
265 3602 325 3662 Deo,
337 3602 463 3669 viduasque
477 3603 508 3653 ad
521 3603 616 3654 'libetis
627 3605 705 3672 ripum
716 3622 843 3657 mansure.
860 3635 890 3644 —

230 3793 233 3798 -
270 3767 323 3815 tse.
342 3764 448 3830 Respicit
467 3765 515 3814 huc
535 3765 690 3830 Lactantius,
712 3768 774 3830 Vll,
807 3769 894 3819 deinde
911 3785 955 3836 pro
966 3769 1076 3833 δύσμορε
1088 3769 1174 3817 πασῶν
1187 3763 1291 3814 retrahit
1304 3764 1354 3814 hue

230 3855 284 3906 cup.
300 3843 348 3890 ts:
362 3861 374 3885 a
384 3839 487 3905 stbyttoe,
505 3841 593 3907 inquit.
607 3853 692 3909 aperte
700 3844 776 3894 inter·
807 3839 1353 3911 epoximovertumibiigitureognitom·

233 3913 344 3964 «ituram
356 3915 518 3966 machomum
531 3917 675 3982 loquuntur,
686 3930 711 3970 et
721 3920 776 3985 qui·
807 3921 940 3986 ἀκάθαρτε.

232 4011 245 4034 «ι
254 3989 308 4039 dem
319 3990 412 4055 judicio
430 3991 482 4050 Dei,
497 3993 563 4056 quod
576 3994 703 4044 alumnum
714 3996 777 4045 seri·
844 3999 899 4045 168.
915 3994 991 4044 Codd.
1007 3994 1119 4043 καθέδειο
1132 3991 1190 4058 παρ’
1203 3990 1296 4057 ὄχθαις,
1308 4006 1355 4039 un·

231 4079 245 4108 'u
255 4064 312 4115 tatis
320 4067 438 4132 populum
451 4066 614 4117 trucidarit.»
812 4070 900 4120 denos
912 4069 1044 4135 aliquando
1060 4069 1174 4118 καθίδοιο
1187 4083 1194 4117 z
1218 4066 1261 4115 sed
1274 4080 1356 4114 verum

267 4144 324 4191 163.
343 4141 418 4192 l'odd.
439 4140 552 4202 ἔσσεται,
566 4144 624 4194 fill&
640 4146 781 4210 piisimos
811 4145 940 4196 lectionem
965 4142 1090 4211 proposuit
1114 4141 1227 4192 Strurius
1249 4140 1276 4190 in
1291 4138 1356 4190 notis

231 4231 296 4266 corr.
313 4216 474 4267 Patetautem
491 4218 530 4267 vel
544 4218 610 4268 hune
623 4221 779 4287 velpa-iorem
810 4221 963 4288 posthumis,
990 4217 1167 4284 elegantissima
1195 4217 1353 4282 conjectura,

231 4290 361 4344 delendum
373 4307 424 4342 esse
437 4307 540 4343 venum.
810 4313 885 4362 quam
899 4313 965 4346 nune
975 4295 1109 4360 sequimur.

269 4369 326 4429 185,
339 4382 377 4432 sq.
390 4366 454 4418 eim
467 4368 512 4418 hos
523 4369 663 4438 duosersns
669 4370 779 4423 Clemens
846 4376 901 4424 toa.
921 4373 998 4422 Codd.
1013 4389 1042 4422 os
1055 4372 1156 4420 κλαύσει
1170 4368 1212 4418 sal
1231 4368 1277 4426 σὴν
1297 4383 1357 4433 mp.

234 4440 780 4513 estaptlmnpuomdiuseriptoszpot-
846 4452 901 4498 llo.
922 4448 999 4497 Godd.
1023 4443 1097 4501 οὔτι,
1123 4443 1166 4504 ubi
1191 4458 1235 4492 ποῦ
1260 4442 1304 4502 itt
1325 4456 1356 4492 ⁸²

234 4519 289 4585 χεία
298 4518 367 4585 παρὰ
380 4517 422 4568 col
434 4534 463 4569 ss
474 4519 518 4570 atei
528 4521 625 4588 ἀνδρῶν
636 4541 663 4590 μ.
678 4521 730 4589 dh,
750 4539 780 4575 se
813 4527 871 4590 Ops.
886 4524 952 4589 conj.
