3186 5310
574 447 627 510 AB
647 447 860 511 SlBYLLlNA.
1199 460 1272 505 xxxi

152 605 226 648 meu
243 581 384 669 effugere
398 603 464 647 non
477 581 577 670 possit
595 604 604 645 ε
620 581 727 648 minus
745 581 843 647 etiam
863 577 1042 646 schismatis
1065 605 1074 643 t
1094 600 1169 642 uam
1191 576 1272 643 ritus

153 713 256 756 novos
280 689 437 780 planeque
458 688 610 757 Ecclesiae
632 689 762 781 ignotos
788 687 976 770 introducit,
1004 687 1078 765 VII,
1103 687 1159 774 75,
1181 709 1269 776 sqq.;

155 797 328 863 Ecclesiam
347 797 700 878 ludeo-Christianam,
726 799 800 863 licet
821 797 852 863 in
873 794 995 880 multis,
1020 811 1056 860 ut
1084 792 1213 884 opinor,
1231 796 1272 859 ab

154 903 223 995 ipsa
237 904 418 987 discedens,
436 906 538 971 solam
555 906 711 994 agnoscit,
730 921 764 971 et
778 903 990 981 orthodoxos,
1006 900 1092 967 velut
1108 899 1271 990 antiquam

156 1027 315 1078 mutantes
332 1012 524 1095 doctrinam,
540 1035 558 1076 a
577 1013 769 1078 Sanctorum
785 1034 921 1100 corpore
938 1023 1074 1099 separat,
1093 1008 1167 1096 VII,
1196 1008 1271 1089 132,

155 1140 226 1208 sqq.
245 1119 293 1183 Dc
312 1115 455 1208 legitimo
472 1118 558 1183 clero
575 1119 674 1184 verba
689 1136 763 1183 sunt
777 1121 846 1205 ejus
859 1117 956 1183 latine
976 1140 1067 1184 versa
1085 1139 1094 1183 t

161 1300 164 1307 Ι
246 1225 401 1289 Hosvero
415 1223 560 1312 graviora
575 1241 719 1307 manent,
747 1224 803 1313 qui
824 1223 935 1289 fenore
955 1222 1042 1314 turpi

245 1331 398 1420 Improba
417 1329 640 1418 vaticinantur,
655 1349 688 1398 et
701 1348 818 1422 augent
832 1348 958 1421 tempus
972 1331 1142 1416 acerbum3

213 1417 218 1429 ⁸
244 1436 353 1502 Induti
367 1435 420 1527 qui
439 1437 523 1527 pelle
537 1439 660 1519 ovium,
677 1462 711 1505 se
725 1437 853 1504 nomine
869 1437 951 1503 falso

244 1543 400 1615 Hebraeos
409 1546 544 1631 jactant,
562 1545 626 1611 alio
642 1547 683 1612 de
702 1545 855 1634 sanguine
869 1544 967 1622 creti3

244 1651 352 1717 Verba
368 1652 445 1719 dare
461 1653 605 1744 inprimis
618 1652 709 1743 gnari
725 1670 758 1719 et
774 1654 856 1719 mala
870 1675 992 1742 ponere
1006 1652 1114 1729 lucr03

243 1758 307 1841 Qui
319 1782 425 1826 mores
435 1778 561 1827 vertent
575 1761 756 1840 homiuum,
775 1762 832 1828 sed
846 1761 955 1827 fallere
965 1761 1076 1847 justos,

243 1866 318 1932 Non
335 1883 498 1957 poterunt,
510 1893 586 1934 vera
601 1870 730 1935 Numen
747 1868 866 1958 pietate
878 1868 1030 1935 colentes.

155 1973 232 2039 Haec
243 1973 460 2041 heterodoxus
477 1975 588 2044 homo.
613 1978 694 2059 Quae
710 1999 786 2042 vero
812 1977 845 2040 in
869 1974 934 2041 fine
955 1973 1030 2039 libri
1053 1973 1158 2065 turpia
1172 1966 1273 2065 'atquc

155 2080 286 2148 infanda
300 2081 342 2147 de
360 2105 394 2148 se
411 2081 618 2148 confitentem
643 2081 764 2147 inducit
778 2080 946 2171 Sibyllam,
962 2081 1071 2146 nescio
1090 2079 1176 2147 unde
1187 2080 1271 2171 peti-

156 2188 236 2254 verit
245 2211 378 2276 quemve
391 2189 434 2253 ad
448 2187 544 2254 finem
558 2188 622 2253 buc
635 2186 790 2253 attulerit.
805 2187 873 2253 Neo
886 2184 985 2275 magis
997 2185 1076 2270 scio,
1089 2185 1122 2252 in
1130 2187 1273 2277 AEgypto

156 2317 196 2359 ne
213 2317 254 2358 an
269 2293 304 2358 in
318 2293 393 2359 Asia
408 2294 635 2360 librumistum
647 2293 744 2360 bonis
764 2292 921 2383 malisque
936 2292 1072 2358 mixtum
1094 2293 1270 2384 scripserit,
1320 2304 1323 2309 '

155 2423 339 2491 quanquam
356 2400 389 2466 in
407 2401 484 2466 Asia
497 2400 604 2491 potius
623 2402 666 2466 ob
677 2400 870 2492 pullulantes
884 2400 929 2466 ibi
944 2418 1103 2466 sectarum
1117 2399 1270 2469 insanias.

155 2507 274 2598 Utique
291 2507 317 2572 si
334 2532 398 2574 non
413 2508 532 2590 locum,
546 2524 673 2598 tempus
687 2524 774 2574 certe
789 2531 883 2574 suum
900 2507 1019 2573 indicat
1038 2507 1118 2597 ipse,
1135 2509 1213 2575 dum
1231 2510 1272 2576 de

155 2639 239 2682 novo
255 2617 425 2682 Persarum
443 2614 579 2706 imperio
595 2615 749 2705 loquitur,
770 2615 843 2698 v11,
861 2619 917 2695 do,
936 2636 1008 2705 sqq.
1027 2639 1065 2682 ac
1079 2615 1119 2683 de
1136 2615 1273 2683 infausta

154 2728 305 2792 adversus
331 2749 388 2791 eos
409 2723 581 2790 Alexandri
599 2723 815 2815 expeditione,
838 2723 1074 2815 v11‚45,sqq.
1104 2724 1274 2816 Scripserit

155 2849 283 2922 oportet
297 2854 426 2898 reverso
451 2831 644 2921 imperatore
665 2832 706 2897 ab
729 2830 783 2897 illa
804 2830 906 2915 clade,
929 2832 1069 2898 necdum
1083 2832 1146 2898 vita
1162 2850 1270 2911 exuto,

154 2957 310 3030 quantum
321 2964 361 3005 ex
373 2939 471 3031 ipsius
482 2939 611 3005 silentio
626 2938 731 3028 colligi
743 2955 872 3031 potest:
887 2938 971 3005 inter
984 2963 1085 3006 annos
1100 2938 1197 3028 igitur
1206 2940 1271 3006 232

155 3065 188 3114 et
203 3047 279 3116 235.

282 3215 329 3280 X.
348 3216 397 3281 De
412 3215 502 3280 libris
517 3217 538 3280 I
551 3229 581 3281 et
596 3217 642 3319 11,
662 3216 822 3306 obiterque
839 3215 878 3281 de
897 3215 977 3281 llbro
997 3216 1060 3294 111,
1080 3223 1095 3298 5
1117 3240 1144 3282 1.

199 3367 328 3434 Utinam
342 3384 408 3433 tam
421 3369 505 3433 bene
515 3367 782 3436 librorum'lelll
797 3366 921 3433 definiri
935 3383 1042 3456 posset
1051 3370 1142 3434 aetas!
1155 3367 1273 3432 Verum

154 3474 226 3541 illos
239 3474 352 3558 libros,
371 3473 436 3541 sive
453 3477 520 3563 jam
538 3474 713 3564 antiquitus
727 3474 858 3558 divisos,
878 3473 942 3540 sive
960 3472 1108 3564 primitus
1124 3471 1156 3538 in
1173 3497 1273 3539 unum

154 3596 346 3659 contractos,
366 3578 466 3645 serius
484 3594 609 3646 constat
624 3581 666 3644 ab
687 3579 870 3646 ordinatore
887 3579 1051 3670 Sibyllina
1072 3579 1272 3645 collectionis

154 3703 351 3769 retractatos,
374 3686 549 3768 mutilatos,
576 3686 877 3776 interpolationibus
897 3704 1007 3754 auctos
1029 3710 1110 3769 esse,
1137 3704 1173 3753 ut
1197 3710 1271 3753 nus·

153 3820 248 3887 quam
265 3795 331 3862 fere
347 3796 452 3887 prisca
468 3820 582 3862 manus
603 3797 645 3862 ab
670 3794 843 3861 adventitia
865 3796 1008 3886 dignosci
1034 3795 1145 3886 possit.
1177 3794 1272 3862 Initia

153 3903 228 3969 libri
242 3906 269 3980 l,
288 3901 415 3971 delatis
430 3903 562 3969 humani
575 3901 700 3992 generis
716 3920 788 3968 ante
802 3901 969 3984 diluvium,
986 3902 1110 3990 integra
1124 3900 1272 3969 videntur

156 4013 261 4103 paucis
277 4012 417 4103 exceptis
436 4009 606 4094 mansisse,
631 4012 672 4075 ab
690 4026 820 4075 auctore
836 4009 989 4099 primario
1006 4011 1121 4099 partim
1138 4037 1156 4079 e
1173 4014 1272 4079 sacris

107 4158 111 4164 ·
153 4120 274 4204 Bibliis,
289 4121 405 4210 partim
421 4143 457 4184 ex
475 4117 618 4184 Hesiodo
634 4115 823 4206 desumpta:
840 4115 923 4198 finis,
943 4117 1010 4202 jam
1030 4142 1048 4182 a
1069 4144 1162 4186 versu
1189 4121 1267 4209 319,

154 4228 194 4293 de
210 4228 274 4293 vita
289 4243 321 4292 et
334 4226 479 4316 passione
493 4224 624 4303 Christi,
645 4248 685 4288 ex
710 4221 812 4288 octavi
834 4221 906 4286 libri
928 4222 1060 4304 laciniis,
1078 4225 1235 4293 incertum
1252 4251 1270 4290 a

154 4358 231 4423 quo,
252 4335 309 4402 sed
325 4335 526 4424 potissimum
547 4333 589 4396 ab
612 4330 798 4396 ordinatore
815 4352 910 4419 supra
930 4329 1016 4394 dicto
1033 4349 1185 4399 consutus
1209 4351 1269 4400 est.

154 4441 241 4506 Libri
266 4444 296 4506 11
316 4465 389 4532 pars
414 4440 514 4532 prior,
543 4437 681 4519 1-154,
707 4435 850 4526 quamvis
875 4436 1079 4526 Pbocylideis
1102 4439 1272 4504 intertexta

154 4548 347 4637 rhapsodiis,
366 4565 399 4614 ct
415 4572 513 4613 unum
526 4545 664 4612 maxime
676 4543 909 4635 Pbocylideum
922 4543 1136 4633 fragmentum
1150 4546 1272 4612 babens
