3186 5310
451 380 731 442 sinrnuuoauu
750 383 822 442 nu.
847 381 896 456 ur,
918 380 937 461 ς
957 365 991 441 ιζ
1227 381 1284 440 na

259 513 323 594 Qui
343 531 418 578 tnnc
431 517 504 600 jura
521 514 644 579 dabunt
656 513 823 579 bominum
840 513 1061 603 acceptissima
1077 512 1175 603 genti.

260 619 385 684 Divitiis
399 619 544 684 homines
560 620 657 708 largis
672 619 830 709 justisque
850 620 1018 685 fruentur:

260 727 406 815 Namque
419 728 482 791 hoc
497 727 623 793 AEterni
638 751 772 816 regnum
789 727 914 793 dicetur
934 727 1071 816 eritque.

304 832 405 913 Gesti,
426 834 496 898 laeta
511 835 615 923 puella
631 860 638 901 :
656 834 716 899 tibi
730 859 806 898 nam
820 834 937 924 gaudia
949 857 1115 922 nunquam

171 940 236 1027 785
261 939 432 1005 Interitura
449 940 537 1005 dedit
556 941 623 1005 caeli
643 958 800 1030 terraeque
819 943 955 1007 creator.

261 1047 365 1132 Hujus
381 1047 443 1111 eris
461 1048 574 1112 sedes:
594 1047 653 1112 tibi
668 1049 722 1112 lux
737 1066 853 1112 aeterua
872 1047 1014 1112 micabit.

260 1152 347 1240 Ergo
363 1153 444 1241 lupis
459 1153 549 1217 mixti
570 1153 682 1218 salient
698 1153 729 1217 in
750 1154 914 1218 montibus
931 1155 1021 1242 agni,

260 1265 298 1326 Et
319 1283 415 1349 grege
429 1260 563 1324 consuso
585 1260 682 1349 tigres
696 1279 867 1348 pascentur
887 1278 920 1325 et
934 1259 1037 1334 haedi;

260 1368 341 1429 Cum
359 1366 463 1430 vitulis
479 1366 544 1432 ursi
561 1368 677 1455 degent
691 1392 748 1456 per
761 1385 853 1455 prata
868 1384 1037 1456 vagantes:

172 1494 236 1558 79⁰
259 1471 514 1560 Carnivornsque
530 1472 580 1536 leo
595 1472 746 1561 praesepia
763 1473 894 1552 lambet,
914 1472 959 1536 uti
974 1474 1045 1553 bos,

261 1577 393 1641 Infantis
406 1579 553 1643 nranibus
569 1579 685 1643 teneris
700 1578 732 1641 in
748 1578 870 1642 vincula
887 1578 1022 1643 missus:

262 1684 388 1772 Quippe
404 1685 507 1750 lerum
522 1688 608 1750 Deus
623 1686 690 1774 ipse
705 1709 853 1775 arrepere
870 1703 963 1773 coget
977 1684 1144 1751 inermem.

259 1793 340 1854 Cum
354 1790 461 1879 pueris
474 1815 604 1857 somnos
617 1791 745 1880 capient
758 1793 799 1857 tle
813 1810 906 1857 noete
921 1792 1092 1879 dracones,¹

260 1898 289 1960 N
292 1921 328 1961 ec
341 1896 471 1974 laedent3
490 1897 595 1962 diviua
610 1915 694 1986 teget
710 1922 782 1962 nam
796 1898 927 1963 dextera
940 1916 1045 1964 natos.

172 2005 235 2091 795
305 2002 367 2067 Sed
378 2007 445 2090 jam
459 2004 548 2092 signa
563 2004 621 2069 tibi
635 2005 741 2069 dicam
755 2004 942 2086 clarissima,
960 2029 1101 2093 quornm

259 2109 384 2174 Indicio
399 2111 495 2175 linem
510 2112 603 2175 terris
617 2136 691 2174 mox
706 2111 807 2176 allore
821 2110 936 2175 discas.

259 2219 369 2296 Quum
384 2215 441 2280 risi
456 2216 573 2281 luerint
584 2217 721 2281 stellanti
736 2217 857 2304 fulgere
871 2217 950 2282 caelo

259 2325 321 2386 Per
333 2340 459 2386 noctem
474 2323 571 2411 gladii
585 2347 676 2388 casus
690 2323 731 2387 ad
745 2324 821 2388 solis
835 2341 866 2388 et
882 2341 970 2388 ortus
982 2351 990 2400 ;

260 2432 370 2513 Quum
383 2429 488 2520 pulvis
502 2431 580 2495 caelo
594 2449 694 2496 terras
710 2431 831 2496 effusus
846 2430 878 2494 in
894 2455 1005 2496 omnes

173 2539 237 2600 800
260 2537 410 2622 Depluet,
427 2554 458 2600 et
472 2536 579 2602 medio
594 2561 688 2602 cursu
703 2536 756 2601 lux
771 2561 866 2601 aurea
881 2538 981 2602 solem

262 2642 413 2723 Deficiet,
429 2642 615 2732 subitosque
628 2643 733 2708 alieno
747 2661 893 2733 tempore
906 2644 981 2709 luna

260 2749 417 2813 Ostendet
429 2749 549 2831 radios,
569 2749 776 2838 inspersaque
790 2774 864 2814 saxa
878 2766 1008 2839 repente

261 2854 448 2943 Sanguineis
461 2855 557 2944 guttis
572 2855 685 2920 ferient
699 2855 781 2920 tristi
796 2855 903 2919 omine
923 2874 1058 2939 nlenten,

172 2968 175 2975 “
261 2962 301 3024 Et
316 2984 437 3049 pugnas
451 2961 595 3049 equitum
608 2960 818 3050 peditumque
833 2961 994 3043 videbitis,
1014 2962 1113 3028 instar

174 3066 237 3131 8οό
261 3064 454 3146 Venantum,
470 3067 548 3130 coelo
564 3065 690 3130 misceri
705 3084 737 3131 et
750 3067 890 3132 nubibus
904 3068 975 3132 altis
991 3090 999 3131 :

262 3173 353 3236 Tunc
365 3171 460 3237 faciet
472 3172 577 3253 bellis,
592 3173 646 3260 qni
661 3190 773 3261 regnat
787 3172 819 3236 in
834 3172 964 3253 aethere,
981 3173 1090 3238 linem.

264 3279 327 3342 Sed
337 3281 404 3364 jam
418 3302 499 3366 opus
513 3295 560 3342 est
573 3302 685 3342 omnes
699 3278 765 3365 regi
780 3302 868 3343 sacra
884 3279 967 3342 lerre
980 3301 1143 3367 supremo.

312 3386 388 3447 Haec
402 3402 475 3448 sunt
489 3408 560 3472 quae
574 3408 704 3468 moneo,
721 3384 850 3474 Assyria
864 3384 1026 3473 Babylone
1041 3386 1196 3475 profecta,

265 3492 384 3555 OEstro
398 3489 534 3580 impulsa
548 3511 642 3577 vago,
659 3488 780 3553 cunctis
793 3489 967 3579 praedicere
978 3492 1066 3577 jussa
1237 3494 1240 3503 '

1237 810 1245 838 9

176 3739 252 3804 lngus.
273 3737 316 3788 Ait
334 3737 429 3804 Sibylla
444 3754 478 3796 se,
497 3736 620 3804 Babylone
632 3736 766 3803 prolectam
780 3737 826 3801 [au
841 3748 918 3787 ortam
933 3737 1014 3788 dicere
1029 3738 1147 3804 voluitll.
1167 3739 1211 3789 uei
1229 3740 1297 3805 jussu

176 3823 221 3873 istu
234 3822 358 3884 cecinisse,
373 3822 479 3872 futuram
493 3822 627 3888 aliquando
641 3823 706 3888 apud
715 3821 826 3872 homiues
836 3823 957 3873 mendacii
971 3840 1047 3882 ream,
1063 3825 1105 3874 sed
1118 3825 1249 3877 immerito.
1263 3856 1293 3866 -

177 4041 293 4103 φάτναις·
322 4040 368 4088 Σὺν
396 4040 509 4106 βρέφεσιν
535 4056 562 4089 τε
589 4039 723 4104 δράκοντες
753 4050 791 4090 tra
802 4040 975 4098 metrum,nisi
992 4041 1055 4090 lorte
1069 4043 1195 4096 κιίσονται
1208 4046 1279 4111 legas.

176 4116 301 4180 ἀμάτορσι
313 4116 484 4178 κοιμήσονται.
495 4113 582 4163 Omnia
596 4114 647 4163 huc
656 4130 723 4181 poene
788 4117 846 4165 7⁰5.
866 4116 901 4163 l‘lx
917 4116 1030 4175 llomero,
1041 4116 1070 4165 ll.
1084 4117 1113 4180 ψ,
1127 4122 1185 4169 326.

176 4191 208 4240 ad
222 4189 316 4240 literam
330 4206 360 4239 ex
379 4190 457 4252 lsaia,
475 4206 528 4255 cap.
546 4193 625 4242 ll.v.
636 4195 723 4254 uque
789 4193 846 4240 808.
866 4190 955 4240 llabuit
976 4190 1002 4238 iu
1022 4201 1103 4240 mente
1120 4192 1186 4243 hunc
1206 4211 1302 4246 versum

177 4266 267 4315 mirum
287 4266 399 4315 maluisse
410 4265 564 4315 Lactantium
583 4282 613 4313 ex
627 4264 724 4330 Sibyllae
754 4275 779 4315 et
794 4265 861 4314 huuc
875 4265 1005 4331 epilogum,
1020 4267 1045 4314 id
1059 4278 1103 4325 est,
1123 4267 1197 4334 hujus
1211 4271 1303 4338 epilogi

177 4341 225 4391 nde
240 4340 356 4406 prolerre.
754 4340 836 4414 initia,
849 4340 1008 4399 Lactantius,
1020 4341 1041 4400 1,
1054 4358 1108 4407 cap.
1124 4348 1149 4406 6,
1163 4344 1206 4394 ubi
1223 4345 1303 4413 Sibyl-

213 4420 269 4467 793.
288 4415 336 4465 Pro
351 4417 404 4481 ἅμα
418 4416 497 4480 σφίσι,
511 4415 578 4479 qnod
591 4430 663 4464 ceusu
681 4431 723 4465 va·
754 4416 803 4465 lam
809 4416 843 4465 ait
852 4416 974 4481 babylone
988 4415 1061 4465 luisse
1074 4417 1211 4468 oriundam.
1225 4420 1304 4473 Aliter

177 4502 227 4553 cat,
238 4493 306 4544 lact.
320 4491 456 4559 ἀμάτορσι,
473 4491 604 4557 eleganter,
613 4489 655 4540 red
668 4506 725 4540 cou-
756 4490 1084 4559 tamensibyllaeplayiarius
1094 4490 1168 4554 iufra,
1179 4497 1238 4558 822,
1250 4513 1305 4564 sqq.
