3186 5310
242 396 283 455 24
471 443 473 452 ,
566 391 828 456 ΣῙΒΥΛΛΙΛΚΩΝ
850 396 976 458 ΛΟΓΟΣ
998 397 1032 456 Α.

351 539 463 623 Εἴπας,
477 538 640 623 Γεινάσθω,
654 539 706 608 καὶ
718 542 850 744 ρείνατο.
874 526 997 635 ἀθρασε
1015 535 1074 636 γὰρ
1091 549 1148 637 γῆν

283 672 323 715 10
351 646 504 740 Ταρτάρῳ
519 631 718 740 [ἀμφιθαλῶν
737 700 746 730 ,
765 650 817 716 καὶ
835 658 897 741 φῶς
914 649 1009 743 γλυκὺ
1030 649 1121 726 αὐτὸς
1138 638 1263 735 έθιοκεν,

350 755 488 848 Οὐρανὸν
503 751 616 842 όψωσε,
631 757 767 848 γλαυκὴν
785 749 813 823 θ’
830 763 954 832 ἥπλωσε
970 756 1139 841 θαλασσαν,

351 862 415 930 Καὶ
430 863 526 930 πόλον
547 861 751 954 ἐστεφάνωσεν
770 863 836 944 ἀλις
854 865 1076 956 πομλαμπέσιν
1093 857 1229 956 ἀστροις,

349 967 413 1039 Καὶ
425 977 514 1063 γαῖαν
532 969 667 1060 κόσμησε
682 978 800 1060 φυτοῖς,
816 982 983 1063 ποταμοῖσι
999 962 1036 1038 δὲ
1052 970 1162 1038 πόντον

348 1059 565 1171 Χευ[ομένοις]
580 1075 736 1169 θκέρασσε,
751 1078 803 1145 καὶ
825 1080 889 1172 ἀέρι
909 1071 993 1173 μίξεν
1008 1074 1130 1170 ἀϋτμάς

282 1181 321 1251 15
351 1182 415 1251 Καὶ
435 1185 525 1277 νέφεα
541 1174 728 1277 δροσόεντα·
752 1186 842 1264 τιθεὶς
863 1182 922 1279 ἀρα
937 1184 988 1252 καὶ
1003 1189 1088 1276 γένος
1103 1181 1192 1270 ἀλλο,

350 1274 458 1404 ἰχθύας
474 1293 503 1357 έν
518 1291 695 1384 πελάγεσσι,
711 1293 762 1359 καὶ
778 1294 865 1386 όρνεα
883 1286 978 1360 δῶκεν
1000 1293 1119 1377 ἀήταις,

349 1403 442 1477 Υλαις
458 1390 486 1464 θ’
500 1394 537 1466 αὖ
552 1399 646 1491 θῆρας
658 1403 871 1494 λασιαύχενος,
887 1393 946 1476 ἠδὲ
962 1391 1135 1493 δράκοντας

350 1491 595 1597 Ερπνστάς,....
624 1507 676 1573 καὶ
705 1507 796 1574 πάνθ’
824 1511 882 1575 όσα
905 1518 955 1577 νῦν
981 1508 1158 1599 καθορᾶται.

349 1614 450 1692 Αὐτὸς
468 1598 557 1680 ταῦτ’
572 1611 693 1686 ἐποίησε
706 1614 801 1708 λόγῳ,
816 1616 868 1682 καὶ
883 1619 976 1681 πάντ’
994 1614 1116 1708 ἐγενηθη

282 1746 323 1788 20
351 1695 423 1786 (λκα
437 1718 489 1785 καὶ
502 1720 672 1806 ἀτρεκέως·
688 1712 741 1786 die
757 1719 814 1814 γὰρ
830 1724 933 1789 πελετ’
949 1723 1183 1813 αὐτολόχεντος,

269 1860 272 1868 ·
351 1812 551 1921 Οὐραν[όθεν]
571 1828 727 1919 καθορῶν·
747 1814 859 1924 [οὕτω]
877 1831 1039 1897 τετέλεστο
1058 1820 1093 1895 δὲ
1110 1829 1235 1921 κόσμος.

405 1935 469 2003 Καὶ
488 1933 558 2001 τότε
576 1930 615 2000 δὴ
638 1934 803 2025 μετέπειτα
819 1933 934 2003 πλάσεν
950 1935 1042 2004 πάλιν
1057 1938 1187 2028 ἔμπνοον
1206 1939 1308 2032 ἔργον,

350 2039 476 2120 Εἰκόνος
491 2033 523 2118 ἐξ
538 2032 616 2119 ἰδίης
632 2035 868 2134 ἀπομαξάμενσς
885 2047 950 2110 νέον
964 2034 1074 2136 ἀνδρα,

350 2151 468 2234 Καλὸν,
486 2149 651 2229 θεσπέσιον,
670 2151 724 2216 τὸν
740 2141 779 2226 δὴ
794 2152 891 2217 κέλετ’
910 2153 939 2216 ἐν
960 2143 1146 2243 Παραθείσῳ

271 2257 312 2325 25
349 2247 516 2350 Ᾱμόροσίῳ
533 2256 636 2341 ναίειν,
657 2262 697 2335 ὥς
715 2258 743 2324 οἱ
761 2256 841 2324 καλὰ
860 2261 934 2352 ἔργα
955 2261 1088 2351 μεμήλῃ.

349 2359 458 2455 Αὐτὰρ
477 2369 492 2429 ό
514 2373 620 2453 μοῦνος
640 2365 694 2432 ἐὼν
715 2357 909 2457 Παραθεόσου
929 2365 1059 2456 έριθηλέϊ
1075 2371 1177 2453 κη’πῳ,

348 2473 543 2556 Προσλαλιήν
561 2470 715 2553 ποθέεσκε,
731 2471 783 2537 καὶ
801 2475 913 2565 ηόχετο
932 2463 1014 2550 εἷθος
1034 2471 1163 2565 ἀθρῆσαι

348 2560 440 2666 Ᾰλλ’,
458 2572 519 2644 οἷον
535 2576 628 2654 αὐτὸς
645 2577 722 2668 έχεν.
744 2582 808 2645 Τοῦ
824 2568 862 2650 θη
880 2580 956 2656 Θεὸς
972 2579 1061 2654 αὐτὸς
1077 2581 1213 2673 ἀποόρας

348 2669 397 2751 Ex
413 2682 554 2775 λαπάρης
567 2667 718 2778 [ὀστοῦν],
738 2685 902 2761 ἐποιήσατο
918 2687 1000 2754 Εὕαν
1017 2687 1149 2780 ἀγητὴν,
1238 2764 1242 2771 ¹

272 2794 313 2858 30
350 2782 516 2885 Κουριθίην
534 2784 658 2881 ἀλοχον,
677 2789 713 2864 ἢν
734 2782 772 2864 θη
793 2792 883 2883 πόρεν
902 2793 931 2858 έν
951 2785 1136 2886 Παραθείσῳ

348 2900 460 2986 Τοότῳ
479 2896 638 2964 συνναίειν.
658 2881 686 2962 O
707 2887 809 2988 θέμιν
828 2889 979 2981 κατιδὼν,
1001 2902 1039 2991 μέ
1060 2928 1079 2969 α
1099 2903 1184 2994 θυμῷ

350 3007 453 3097 Θαῦμ’
471 3005 549 3096 ἔχεν,
565 2996 704 3096 ἐξαζφνης
725 3008 941 3098 κεχαρημένος,
959 2928 1059 3102 [οἷονθ
1073 3012 1183 3103 όράται

348 3100 526 3181 Ᾰντίτυτον
542 3107 686 3203 μίμημα·
703 3119 808 3202 σοφοῖς
827 3104 858 3178 θ’
876 3110 1019 3203 ἡμιίόετο
1034 3116 1151 3207 μύθοις,

348 3220 565 3312 Αὐτομάτοισι
584 3221 702 3311 ῥέουσι·
722 3222 791 3303 Θεῷ
810 3216 867 3314 γὰρ
888 3221 980 3288 πάντ’
999 3223 1154 3314 ε’μεμηλει.

210 3351 214 3371 ·
269 3328 309 3394 35
346 3330 429 3394 Οότε
445 3326 503 3423 γὰρ
520 3325 648 3420 ἀκρασίη
664 3326 732 3394 νόον
748 3327 889 3410 ἔσκεπον,
911 3328 982 3394 οὔτε
1001 3329 1054 3418 μὲν
1072 3321 1151 3395 αἰδῶ

347 3417 537 3529 [Ᾰμρεχον],
555 3432 622 3501 οῡιλ’
641 3429 717 3505 ἦσαν
732 3424 871 3527 κραθέαις
890 3434 1037 3502 ἀπάνευθε
1057 3444 1173 3518 κακοῖο,

344 3542 419 3620 Χώς
435 3541 521 3634 θῆρες
541 3525 715 3634 [βαίνεσκον
732 3527 970 3637 ἀποσκεπέεσσι]
992 3545 1126 3635 μελεσσι.

238 3767 269 3778 -
284 3741 326 3799 22,
337 3755 391 3806 sqq.
405 3737 515 3789 Hominis
524 3736 615 3788 creatio
629 3747 654 3788 et
663 3737 751 3805 lapsus.
768 3766 799 3776 -

269 3909 309 3957 10.
329 3904 406 3956 codd.
418 3904 555 3970 ἀμφῖσαλον
565 3903 602 3952 vel
615 3902 677 3969 ἀμφὶ
689 3902 778 3956 σάλονε
810 3903 935 3970 epitheton
953 3920 1090 3972 supponere
1107 3906 1210 3973 quodvis
1220 3906 1353 3975 poeticum.

233 3979 279 4032 cfr.
294 3980 367 4042 inira,
386 3982 442 4030 119.
809 3978 1040 4041 1οτιοιεοκοανούς,
1067 3981 1184 4033 sicutiib.
1205 3982 1278 4045 xm,
1297 3985 1354 4043 160,

269 4059 308 4107 11.
328 4055 405 4105 Godd.
417 4055 555 4120 χενόμενος
568 4054 605 4104 vel
618 4054 757 4121 χευάμενον
770 4071 777 4106 :
809 4058 933 4122 ἐρποστην
942 4059 1112 4124 κνανόχρωον,
1122 4057 1353 4108 etNicandr.Ther.

233 4148 277 4182 nos
290 4147 355 4182 corr.
370 4130 413 4180 Est
424 4139 506 4180 autem
519 4131 718 4197 χεναμένοιςρτο
731 4149 777 4197 χν-
809 4133 868 4197 138,
891 4134 984 4182 κνανόν
1003 4151 1030 4183 τι
1050 4134 1122 4200 [vulg.
1138 4149 1194 4182 cum
1208 4132 1301 4199 duplici
1313 4147 1355 4182 ac·

233 4210 303 4268 θεῖσι,
318 4217 347 4256 ιιι
357 4206 405 4256 alia
416 4206 492 4256 muita
501 4206 589 4256 similia
600 4206 627 4255 in
639 4205 774 4273 Sibyllinis,
807 4217 881 4257 centu
893 4208 986 4259 κόανόν
1003 4209 1040 4274 τε]
1052 4209 1184 4276 δράκοντα.

231 4294 256 4334 ει
270 4284 295 4332 in
316 4281 415 4331 oraculo
434 4282 540 4347 quodam
560 4282 625 4349 apud
639 4281 775 4332 Bentleium
841 4286 882 4334 20.
903 4283 970 4333 Suid.
987 4286 1192 4351 ταύτολόχεντος,
1203 4286 1354 4350 σύτογέννη·

231 4360 262 4410 ad
278 4359 358 4409 Halai.
372 4358 525 4425 ποτιχεόατο
537 4374 583 4426 pio
593 4359 744 4426 προσεχόθη.
807 4377 856 4419 τος,
872 4361 957 4417 όΘεὸς
966 4363 980 4412 ό
990 4361 1130 4424 ἀγέννητος,
1145 4360 1251 4412 fortassis
1260 4377 1290 4412 ex
1304 4360 1352 4410 hoc

266 4439 305 4487 18.
326 4435 412 4486 Versus
432 4434 542 4484 mutilus.
565 4435 622 4486 Post
641 4437 690 4485 ὅσα
709 4434 772 4485 Cant.
806 4436 950 4489 versadfr.
968 4437 1129 4489 Prooem.17.

228 4512 355 4564 addiderat
366 4528 379 4562 e
389 4512 455 4577 conj.
471 4509 586 4562 κνκλόσε.
598 4512 645 4561 Noa
656 4509 775 4561 malumus
840 4515 880 4563 21.
900 4512 977 4563 Codd.
994 4514 1100 4580 οὐρανὸν
1113 4515 1244 4580 καθορῶν,
1263 4531 1291 4567 ac
1311 4513 1355 4563 de·
