3186 5310
451 436 740 500 sruvttmoamt
761 437 834 501 uta.
857 438 909 513 111,
933 436 1002 518 §a

258 561 395 631 Vieenos
411 567 506 633 toties
519 569 618 634 Italos
630 568 768 634 Asiatica
785 569 879 634 tellus

169 663 232 732 355
256 668 393 739 Servitio
412 673 540 741 addicet
556 705 564 742 ι
579 701 639 742 nee
655 677 701 742 sie
715 695 823 742 tamen
838 677 947 742 omnia
962 678 1099 743 solvent.

304 781 332 844 Ο
349 782 454 848 mollis
469 783 619 874 divesque
636 784 756 849 Latinae
775 784 840 849 filia
856 787 980 863 Romae,

258 887 387 954 Deliciis
401 915 546 982 auroque
560 889 673 974 fluens,
694 892 862 958 inhonesta
882 891 1004 980 virago,

258 995 355 1060 Ebria
369 998 456 1063 mille
468 998 575 1089 proeis
589 1000 704 1082 nubes,
718 997 897 1087 ancillaque
912 997 980 1065 fies.

258 1104 347 1195 Saepe
364 1107 422 1172 tibi
439 1108 534 1174 vellet
552 1125 682 1173 teneros
697 1110 776 1174 hera
788 1107 869 1173 dura
883 1106 1027 1197 capillos,

168 1210 232 1278 360
258 1211 300 1279 Et
317 1239 426 1304 poenas
440 1233 605 1307 repetens,
627 1240 713 1282 nunc
729 1233 761 1280 te
775 1215 816 1281 de
835 1216 953 1280 vertice
970 1215 1057 1280 celso

258 1322 397 1392 Pronam
410 1323 530 1416 affliget
545 1324 653 1408 humi,
666 1348 752 1389 nuuc
764 1347 874 1389 rursus
888 1323 929 1389 ad
944 1327 1062 1390 aethera
1078 1321 1171 1388 tollet
1183 1344 1192 1406 3

257 1429 349 1494 Pravi
362 1430 443 1496 adeo
455 1456 562 1497 mores
573 1431 763 1511 hominum,
779 1454 993 1522 perversaque
1005 1430 1089 1497 vita!

302 1539 372 1604 Fiet
384 1563 480 1605 arena
492 1541 623 1619 Samus3
639 1539 739 1606 Delus
753 1538 857 1606 deleta
865 1537 988 1625 jacebit
999 1565 1006 1615 ;

256 1645 326 1711 Fiet
339 1649 443 1712 Roma
455 1649 565 1731 ruina,
581 1663 614 1712 et
625 1646 777 1736 praedieta
790 1647 898 1711 omnia
914 1645 1004 1711 fient.

169 1750 232 1817 365
256 1752 414 1847 Nullaque
429 1755 491 1820 erit
503 1757 648 1846 Smymae
661 1754 824 1848 pereuntis
839 1754 961 1819 mentio
983 1777 991 1819 :
1013 1751 1119 1844 pravis

258 1861 406 1926 Consiliis
419 1862 576 1953 culpaque
591 1862 711 1929 dueum
722 1863 917 1953 procumbet
933 1862 1045 1930 inulta.

302 1968 368 2032 Pax
382 1986 489 2034 autem
503 1968 580 2034 felix
593 1970 676 2035 Asiae
689 1968 910 2036 dominabitur
923 1968 989 2033 oris
999 2018 1021 2066 ,Ι

255 2077 482 2167 Europamque
496 2095 605 2142 manet
617 2102 686 2144 sors
699 2077 842 2169 optima,
857 2077 962 2141 fertile
979 2075 1088 2140 caelum
1099 2124 1111 2155 ,

255 2181 348 2263 Mite,
365 2209 518 2275 perenne,
534 2209 646 2251 carens
657 2184 776 2249 nimbis
788 2201 821 2249 et
834 2182 990 2285 grandine
1001 2206 1099 2268 saeva,

66 2286 69 2294 ’
168 2291 233 2378 370
256 2291 374 2373 Omnia
387 2291 474 2381 larga
487 2292 607 2370 ferens,
625 2291 787 2383 pecudum
799 2314 899 2382 genus
918 2307 1015 2381 atque
1031 2290 1212 2356 voluerum.
1292 2288 1296 2294 ’

256 2400 285 2464 Ο
296 2397 431 2464 nimium
444 2398 539 2484 felix,
557 2399 637 2465 illud
650 2398 704 2488 qui
716 2402 802 2464 vivet
817 2398 851 2463 in
863 2389 980 2478 hevam,

256 2506 318 2570 Seu
329 2485 462 2585 vir‚‘seu
474 2505 607 2572 mulier!
629 2504 748 2590 Quales
757 2505 923 2596 linguntur
934 2529 1065 2570 amoenae

255 2613 507 2679 Fortunatorum
518 2615 623 2680 sedes.
638 2614 785 2706 Namque
800 2614 917 2679 aethere
930 2616 971 2678 ab
983 2614 1049 2679 alto
1075 2677 1089 2697 ,-

254 2716 392 2800 lustitia,
409 2735 440 2783 et
450 2717 558 2808 legum
572 2719 674 2808 vigor,
691 2737 723 2784 et
738 2719 910 2785 eoncordia
923 2718 1032 2785 multis

168 2823 231 2912 375
256 2826 471 2890 Anteferenda
484 2826 590 2905 bouis,
605 2843 707 2892 terras
719 2827 848 2912 inviset,
863 2851 1019 2917 amorque

256 2931 400 3007 Mutuus,
416 2932 612 3025 hospitiique
625 2932 706 3000 fides
723 2959 730 3001 :
746 2952 794 2999 ast
806 2933 955 3025 improba
966 2933 1062 3024 louge

255 3039 312 3104 Vis
328 3041 445 3125 aberit',
457 3042 602 3132 livorque
615 3045 729 3131 malus,
744 3042 907 3107 dementia
920 3059 952 3107 et
965 3042 1024 3106 ira.

255 3149 431 3238 Paupertas
443 3149 552 3228 etiam,
570 3149 721 3238 duraeque
737 3141 854 3235 injuria
866 3148 977 3228 sortis,

256 3257 379 3336 Caedes,
398 3273 430 3321 et
443 3281 554 3322 nocuae
567 3257 652 3335 lites,
667 3256 808 3345 rixaeque
820 3257 976 3336 molestae,

169 3361 234 3428 380
255 3364 297 3428 Et
308 3381 465 3429 nocturna
477 3365 613 3428 aberunt
625 3364 722 3441 furta,
737 3380 769 3427 et
782 3387 882 3453 genus
893 3386 989 3427 omne
1000 3362 1171 3430 malorum.

302 3474 360 3536 Ast
371 3471 454 3536 Asiae
465 3471 560 3535 fatale
572 3471 761 3536 Macedonia
778 3469 890 3561 aspe'ra
902 3472 1016 3535 vulnus
1135 3465 1137 3468 ¹

256 3577 378 3644 Inferet
390 3602 399 3645 ι
412 3581 613 3669 Europaeque
629 3578 724 3646 dolor
736 3595 916 3645 succrescet
928 3581 1062 3645 acerbus

168 3740 282 3791 Saturnia
296 3741 372 3792 nothe
385 3741 512 3806 [Romane
524 3742 645 3810 nempe],
658 3758 712 3809 quae
725 3742 858 3808 aliqnando
878 3740 1003 3808 Babylone
1023 3740 1103 3806 ipsam
1123 3738 1219 3806 subiget
1231 3741 1302 3806 [vide

168 3834 221 3879 not.
236 3825 267 3876 ad
282 3825 308 3876 h.
324 3826 362 3891 Ι.],
374 3826 532 3894 omniumque
549 3837 670 3879 terrarum
681 3826 780 3876 domim
793 3825 899 3884 dicetur,
915 3841 966 3875 non
983 3834 1066 3875 temen
1087 3823 1218 3889 imperium
1240 3823 1303 3875 seris

167 3909 270 3976 pesteris
291 3910 467 3960 transmissura.
483 3939 511 3947 -

202 4031 262 4088 363,
279 4045 315 4094 sq.
335 4028 371 4079 tte
390 4028 463 4077 Samo
483 4039 508 4079 et
524 4029 598 4089 Delo,
614 4030 658 4080 eir.
676 4029 717 4089 IV,
751 4045 779 4078 re
793 4039 817 4079 et
835 4028 968 4078 insolenter
982 4024 1023 4075 hic
1033 4023 1139 4074 sumitur
1152 4040 1198 4091 pro
1207 4041 1301 4076 amnne

169 4104 211 4163 91,
224 4119 294 4169 sqq.;
310 4103 377 4162 Vlll,
395 4108 451 4161 165,
461 4120 499 4169 sq.
514 4104 549 4154 De
565 4103 720 4155 hemistichio
752 4105 823 4157 valle.
843 4104 949 4155 Additur
968 4111 1050 4152 autem
1064 4102 1225 4166 κενεήφατος,
1243 4126 1255 4146 a
1266 4100 1302 4152 fa·
1341 4104 1343 4109 ’

168 4189 250 4229 eutem
267 4179 338 4248 ῥώμη
356 4179 437 4246 ῥύμη,
457 4181 533 4231 serius
546 4180 646 4241 addito,
666 4179 721 4229 ride
755 4203 766 4226 ιι
778 4179 862 4230 bulosa
875 4202 901 4233 i,
924 4195 955 4229 ne
971 4176 1030 4244 quid
1044 4175 1128 4242 gentili
1147 4175 1303 4244 mythologie

168 4264 220 4306 not
253 4292 259 4299 .
748 4256 981 4306 coneedivideatur.

203 4334 261 4385 366.
280 4322 413 4392 (31.1111,Ι
427 4329 556 4392 toantt
569 4334 720 4391 lt,etloeos
786 4335 843 4382 319.
862 4330 925 4381 Boni
946 4329 1046 4396 quidam
1065 4329 1138 4380 codd.
1157 4327 1247 4393 φθόνος
1255 4343 1301 4396 pro

168 4404 205 4455 ihi
219 4406 262 4459 eit.
754 4407 828 4473 φόνος
842 4425 847 4456 ;
861 4424 892 4456 an
906 4405 1010 4457 melius?

205 4486 264 4537 att.
282 4482 319 4532 Ex
332 4481 377 4543 lV,
390 4498 416 4536 r.
430 4485 476 4534 ult.
787 4485 844 4535 382.
864 4481 966 4531 Volebat
987 4479 1099 4531 Struvius
1117 4481 1236 4548 Εὐρώπῃ.
1256 4477 1302 4530 llic

206 4561 265 4612 372.
285 4556 432 4630 Ἥρωος,
440 4560 521 4631 suppl.
536 4560 579 4626 γῆ,
591 4558 724 4613 substanti·
753 4569 780 4611 et
802 4568 853 4610 tres
880 4573 935 4626 sqq.
963 4573 1047 4610 versus
1071 4555 1169 4633 repetiti
1193 4557 1305 4625 legentur
