3186 5310
212 372 270 435 {02
516 379 801 443 ’ΣΙΒΥΛΛΙΑΚΩΝ
821 379 948 441 ΛΟΓΟΣ
968 379 1002 439 Γ.

319 518 484 602 Εἰκοσάκις
504 511 698 623 τοσσοῦ[τοι]
717 529 746 594 ῖν
767 516 881 595 Ᾰσσίδι
897 526 1089 601 θητεύσουσιν

216 624 278 692 355
321 611 429 698 ίταλοὶ
445 635 474 698 ἐν
494 630 593 728 πενίη,
613 632 672 701 ἀνά
691 635 783 727 μυρία
802 625 831 701 δ’
850 638 1046 726 ὀφλησουσιν.

374 708 405 801 ίὶ
422 730 551 830 γλιδανὴ
567 736 698 835 ζάχρυσε
712 734 877 822 Λατινίδος
897 743 1001 835 ἔκγονε
1019 724 1142 830 Ῥώμης,

321 843 468 934 Παρθένε,
488 849 621 917 πολλάκι
639 857 719 917 σοῖσι
736 853 979 943 πολυμνήστοισι
998 846 1141 942 γάμοισιν

320 950 488 1019 Οἰνωθεῖσα
504 955 613 1050 λάτρις
628 959 810 1051 νυμφεόσεαι
830 961 885 1024 οὐκ
901 957 943 1022 ἐνὶ
959 955 1077 1048 κόσμῳ.

319 1059 461 1126 Πολλάκι
481 1054 509 1128 δ’
527 1058 623 1156 ἀόρὴν
639 1073 701 1132 σεῖο
719 1065 818 1158 κόμην
834 1056 981 1131 δέσποινά
1001 1089 1036 1131 τε
1054 1060 1155 1153 κείρει,

214 1163 277 1230 360
319 1149 400 1250 Ἡδὲ,
417 1157 504 1244 δίκην
526 1161 686 1257 διέπουσα,
706 1171 748 1240 τά
766 1171 924 1264 οὐρανόθεν
943 1171 1018 1240 ποτὶ
1031 1179 1121 1265 γαῖαν

318 1256 417 1362 Ptin,
436 1278 470 1341 ἐκ
490 1269 528 1344 δὲ
541 1277 629 1372 γαίης
648 1278 742 1346 πάλιν
764 1282 888 1371 οὐρανὸν
906 1277 947 1358 εἰς
966 1278 1121 1373 ἀνεγείρει,

316 1364 400 1448 ὅττι
420 1385 527 1476 βροτοὶ
544 1388 661 1475 φαύλου
680 1379 758 1467 ζωῆς
773 1379 883 1455 ἀδίκου
902 1389 933 1453 τ’
952 1389 1104 1479 ἐνέχοντο.

369 1469 471 1556 Errat
491 1492 543 1560 καὶ
562 1490 664 1584 Σάμος
683 1490 798 1586 ἀμμος,
813 1498 927 1562 ε’σεῖται
946 1496 1042 1572 Δῆλος
1061 1484 1187 1576 ἀδηλος,

316 1594 380 1663 Καὶ
396 1582 491 1685 Ῥώμη
510 1601 605 1692 ῥώμη·
626 1599 668 1668 τά
686 1591 722 1668 δὲ
741 1600 880 1692 θέσφατα
898 1599 1003 1669 πάντα
1021 1607 1165 1668 τελεῖται.

212 1700 274 1768 365
317 1704 455 1795 Σμύρνης
469 1697 501 1771 δ’
516 1708 683 1798 ὀλλυμένης
703 1699 802 1789 οὐδεὶς
819 1708 911 1803 λόγος
928 1700 1048 1787 ἔκδικος
1066 1710 1165 1789 ἔσται,

316 1797 407 1877 Ᾱλλά
427 1819 536 1891 κακαῖς
559 1817 699 1898 βουλαῖσι
717 1815 770 1882 καὶ
787 1817 944 1911 ἡγεμόνιον
962 1815 1138 1890 κακότησιν.

166 1946 171 2027 ρ
369 1918 483 2008 Εἰρήνη
500 1913 536 1989 δὲ
551 1922 683 2016 γαληνὸς
698 1925 727 1988 ἐν
745 1911 857 1991 Ᾱσσίδι
871 1931 961 2018 γαῖαν
977 1915 1106 1991 όδεόσει.

316 2025 448 2120 Εὐρώπη
470 2021 506 2096 δὲ
522 2029 659 2123 μάκαιρα
674 2031 742 2098 τότ’
759 2031 892 2115 ἔσσεται,
912 2026 1035 2109 εόόοτος
1051 2031 1150 2124 αἰθὴρ,

316 2135 505 2221 Πουλυετὴς,
521 2139 681 2228 εὔρωστος,
697 2137 876 2231 ἀχείματος,
894 2129 945 2215 ηδ’
964 2130 1131 2231 ἀχάλαζος,

213 2240 276 2329 370
320 2241 433 2309 Πάντα
452 2247 549 2338 φέρων
567 2242 743 2326 καὶπτηνά
759 2248 811 2314 καὶ
827 2243 943 2340 ἑρπετὰ
961 2244 1050 2337 θηρία
1070 2244 1173 2339 γαίης.

318 2334 349 2416 Ω
365 2354 569 2440 μακαριστὸς,
588 2355 698 2443 ἐκεῖνον
714 2349 745 2432 ὃς
760 2356 789 2433 ἐς
804 2355 911 2447 χρόνον
926 2355 1048 2420 ἔσσεται
1063 2353 1151 2444 ἀνὴρ,

319 2441 364 2522 Hk
378 2461 465 2551 γυνη,
483 2457 628 2551 μακάρων
641 2463 825 2550 κενεηφατος
840 2464 929 2529 ὅσσον
945 2457 1109 2554 ἄγραυλος.

319 2562 455 2654 Εὐνομίη
471 2562 529 2658 γὰρ
548 2571 635 2633 πάσα
653 2566 705 2633 ἀπ’
725 2570 853 2658 οὐρανοῦ
870 2568 1067 2661 ἀστερόεντος

320 2652 398 2748 Ῐξετ’
416 2673 465 2738 ἐπ’
482 2671 672 2761 ἀνθρώπους,
685 2665 738 2747 ἡδ’
754 2665 882 2760 εὖδικίη,
902 2671 980 2767 μετὰ
995 2666 1025 2741 δ’
1049 2678 1145 2753 αὐτῆς

218 2774 281 2864 375
323 2760 353 2842 Η
370 2776 494 2863 πάντων
514 2781 708 2872 προφέρουσα
728 2783 851 2873 βροτοῖς
870 2782 997 2873 ὁμόνοια
1015 2782 1170 2875 σαόφρων,

321 2883 387 2950 Καὶ
401 2887 530 2979 στοργὴ,
551 2884 668 2975 πίστις,
686 2886 768 2978 φιλίη
789 2881 911 2966 ξείνων·
935 2890 997 2956 ἀπὸ
1018 2880 1046 2954 δ’
1069 2892 1170 2956 αὐτῶν

322 2973 390 3057 ilii
406 3017 439 3057 τε
458 2983 623 3083 δυσνομίη,
644 3003 762 3086 μῶμος,
782 2996 901 3088 φθόνος,
920 2998 1007 3090 όργὴ,
1026 2992 1135 3063 ἀνοια·

322 3091 446 3176 Φεόξετ’
460 3100 515 3166 ἀπ’
530 3100 694 3194 ἀνθρώπων
714 3102 815 3188 πενίη,
830 3102 882 3170 καὶ
900 3096 1020 3196 φεόξετ’
1034 3103 1172 3197 ἀνάγκη,

324 3203 385 3275 Καὶ
405 3208 506 3299 φόνος,
522 3207 686 3300 οὐλόμεναί
699 3211 728 3277 τ’
748 3202 856 3305 ἔριδες,
877 3210 928 3278 καὶ
947 3209 1046 3278 νείκεα
1061 3209 1176 3305 λυγρὰ,

216 3316 279 3383 380
321 3316 385 3381 Καὶ
399 3316 632 3402 νυκτοκλοπίαι,
656 3317 709 3384 καὶ
724 3322 787 3386 πᾶν
806 3318 899 3385 κακὸν
918 3319 1019 3408 ἤμασι
1037 3317 1157 3397 κείνοις.

376 3410 464 3490 Ᾰλλά
482 3414 665 3498 Μακηδονίη
686 3424 764 3518 βαρὺ
779 3418 901 3503 τέξεται
920 3414 1035 3492 Ᾱσσίδι
1052 3435 1155 3518 πῆμα,

319 3530 471 3623 Εὐρώπης
485 3554 520 3596 τε
532 3533 677 3625 μέγιστον
692 3532 968 3625 ἀνασταχυώσεται
988 3527 1082 3628 ἀλγος

209 3740 241 3753 -
260 3715 319 3775 356,
338 3730 391 3781 sqq.
407 3712 490 3764 Romae
510 3723 629 3779 parantur
646 3722 740 3764 νουσα
753 3730 836 3765 rerum
846 3714 920 3763 vices.
938 3742 969 3751 —
983 3715 1046 3776 363,
1065 3728 1117 3778 sqq.
1140 3711 1232 3769 Samos,
1248 3710 1331 3775 Delos,

208 3797 312 3867 Smyrna
323 3800 447 3866 peritum,
462 3814 567 3864 cumque
584 3798 615 3848 iis
629 3797 704 3848 Roma
716 3800 776 3865 ipsa.
788 3829 819 3837 -
832 3803 891 3851 367.
905 3798 955 3848 Pu
968 3798 1027 3847 olim
1040 3797 1099 3848 felix
1117 3798 1144 3847 in
1158 3797 1225 3858 Asia,
1243 3797 1289 3861 [an
1303 3796 1331 3845 in

206 3879 289 3935 ludu
304 3884 350 3934 sub
362 3883 490 3934 Persarum
503 3882 642 3949 regibusi].
660 3911 691 3919 -
705 3886 763 3942 381,
776 3899 828 3950 sqq.
844 3881 910 3931 Finis
921 3880 1043 3932 affuturus
1056 3881 1115 3932 huic
1129 3880 1285 3948 prosperitati
1301 3895 1331 3929 ex

205 3969 347 4023 Ιιοσόοιιῖο
360 3969 466 4036 [nempe
478 3968 524 4019 rub
534 3967 672 4019 Alexandro
682 3967 782 4036 ejusque
798 3967 1003 4033 summioribus]¹
1016 3976 1089 4033 atque
1102 3982 1133 4018 ex
1146 3975 1217 4032 gente
1226 3966 1331 4032 quadam

238 4127 296 4177 354.
316 4124 377 4175 Cod.
388 4123 527 4177 τοσσοῦτον
537 4142 544 4173 :
553 4140 598 4175 nos
606 4139 670 4174 corr.
781 4124 817 4174 ira
829 4122 886 4175 vide
902 4124 966 4183 vul,
980 4127 1021 4176 56.
1031 4123 1091 4174 Dein
1098 4122 1228 4177 Δατινίδοι
1242 4124 1331 4186 ἔκγονε

239 4203 296 4253 355.
316 4201 345 4251 In
355 4199 495 4252 finesensus
508 4199 625 4251 obscurus
637 4217 642 4249 :
654 4198 750 4251 ridetur
788 4201 887 4266 Ῥώμης
899 4199 952 4266 ipra
963 4199 1098 4251 estlioma:
1112 4198 1157 4250 cir.
1170 4198 1236 4257 vlu,
1252 4202 1291 4249 75.

200 4286 284 4328 umen
295 4277 343 4328 ἀνὰ
356 4278 432 4345 μυρία
443 4277 532 4328 multas
545 4275 683 4328 sarmium
696 4293 750 4344 my·
815 4280 872 4335 357,
888 4293 924 4342 sq.
942 4275 993 4328 Cir.
1008 4276 1109 4341 Apocal.
1126 4292 1180 4341 cap.
1203 4277 1243 4335 li,
1261 4290 1284 4322 ν.
1301 4277 1329 4331 2.

200 4352 281 4404 εἰκόνι
291 4353 426 4404 cumulare.
780 4368 834 4418 sqq.
855 4352 926 4402 Proci
946 4361 1029 4402 autem
1044 4368 1086 4401 seu
1101 4353 1240 4419 μνήστορες
1252 4347 1327 4399 iidem

234 4432 291 4481 356.
311 4428 388 4481 codd.
408 4431 501 4498 χλιδανί
523 4429 604 4495 (sic),
618 4445 648 4479 ex
666 4428 749 4494 ignoto
779 4437 836 4478 sunt
849 4427 892 4494 qui
905 4428 979 4486 inira,
994 4431 1051 4486 413,
1063 4427 1174 4493 ἐρασταί.

200 4505 353 4573 burbrroque
369 4505 487 4564 feminino
505 4505 617 4574 adjectivi
631 4503 696 4572 quod
710 4505 747 4554 in·
813 4507 870 4556 359.
885 4505 1009 4559 Δέσποινα
1021 4512 1057 4553 εει
1073 4502 1197 4554 Fortuna:
1211 4501 1264 4552 ride
1272 4511 1316 4554 not
