3186 5310
441 140 722 219 summotum
734 142 807 207 ua
819 142 871 219 ιιι,
889 138 911 223 ς
929 141 962 219 ι.

232 275 273 339 Et
287 290 363 339 tunc
376 290 547 355 aternum,
559 277 619 367 qui
629 276 755 365 judicat
763 272 886 358 omnia,
900 294 1012 365 regem

232 383 417 472 Agnoscent
430 403 439 446 ε
450 382 621 449 bominum
634 381 728 451 fletus
742 382 929 471 clamorque
946 377 1119 447 cedentum

186 485 203 551 i
231 487 385 578 Implebit
400 505 518 565 terram
535 489 587 554 alii
602 489 670 557 sine
683 514 764 557 voce
775 490 941 578 jacebuut,

231 592 389 682 Sanguine
405 593 545 682 proluti3
565 594 660 662 tellus
676 597 769 663 bibet
783 611 853 661 atra
871 615 1032 669 cruorem,

233 701 276 766 Et
288 699 401 764 rabida
416 698 591 790 explebunt
605 725 639 767 se
653 702 805 769 carnibus
820 723 878 767 ora
891 699 1043 765 ferarum.

277 809 351 897 lpse
365 806 443 872 mihi
456 807 547 873 dedit
561 808 629 875 baec
642 812 730 875 Deus
744 807 852 874 omnia
863 805 1029 873 vaticinari

232 916 370 1002 Magnus
387 929 420 977 et
432 929 569 979 aeternus
583 942 591 979 ε
607 919 698 1002 cujus
713 914 942 1005 quodcumque
959 911 1106 976 voluutas

186 1044 210 1087 o
231 1020 341 1099 lussit,
359 1019 440 1096 erit·,
458 1044 518 1085 uec
532 1044 613 1086 vana
630 1022 747 1087 cadent
759 1038 816 1086 aut
829 1020 919 1085 irrita
934 1018 999 1083 fata
1014 1041 1022 1082 z

236 1127 365 1217 Quippe
378 1125 437 1193 Dei
453 1127 554 1192 nescit
568 1128 696 1192 mentiri
712 1127 850 1218 Spiritus
866 1125 952 1191 orbi.

281 1238 407 1299 interea
423 1236 530 1324 magni
545 1236 653 1324 proles
669 1259 781 1302 secura
794 1232 937 1327 parentis

236 1341 364 1406 Circum
380 1340 483 1404 aedem
497 1340 604 1406 vivent
621 1340 774 1420 divinam,
792 1359 825 1406 et
840 1363 974 1406 munera
988 1355 1121 1428 carpent

236 1450 316 1530 Quae
330 1445 456 1511 dederit
471 1445 582 1511 mundi
593 1446 692 1533 judex
706 1464 739 1511 et
756 1446 907 1512 conditor
921 1462 953 1512 et
968 1468 1035 1509 rex.

186 1555 211 1621 .5
237 1556 310 1644 Ipse
325 1553 445 1619 etenim
461 1554 549 1619 solus
564 1553 670 1619 valido
684 1554 861 1620 munimine
879 1570 966 1618 tutos

236 1660 448 1749 Ardentique,
466 1659 552 1727 velut
565 1684 671 1746 muro,
689 1658 903 1725 circumdabit
914 1658 1000 1750 igne·

236 1768 323 1856 Ergo
337 1768 434 1832 urbes
447 1766 534 1832 bello
552 1767 684 1832 intactas
698 1768 854 1856 sedesque
866 1767 1022 1830 tenebunt
1037 1791 1044 1829 ε

234 1874 324 1957 Quos
339 1897 405 1937 non
418 1873 483 1937 ulla
495 1889 621 1962 premet
632 1873 710 1957 belli
726 1896 850 1956 manus,
868 1894 978 1961 aspera
995 1869 1124 1960 quando

236 1980 352 2045 Omnia
366 1980 524 2070 depulerit
536 1980 700 2069 praesentis
713 1981 824 2046 dextra
838 1977 1006 2044 Tonantis.

192 2110 213 2151 ο
238 2089 280 2151 Et
293 2101 369 2152 tunc
386 2087 528 2152 attonitae
546 2087 730 2152 clamabunt
741 2085 852 2151 insulae
870 2101 904 2150 et
919 2085 1039 2150 urbes:

239 2195 269 2259 0
281 2194 366 2283 quali
381 2211 510 2283 gentem
525 2194 607 2259 banc
621 2196 709 2259 Deus
721 2194 922 2284 amplexatur
935 2215 1058 2269 amore,

237 2300 295 2365 Cui
310 2301 397 2364 bona
409 2318 523 2366 cuncta
539 2300 646 2377 dedit3
659 2300 709 2365 cui
724 2325 758 2365 se
775 2302 966 2365 submittere
978 2300 1072 2388 jussit

237 2407 358 2472 Caelum
371 2406 488 2496 ipsum,
505 2406 646 2496 solisque
654 2409 762 2498 jubar,
779 2406 952 2496 lunamque
967 2406 1140 2471 nitentem!

281 2515 325 2577 At
342 2528 426 2577 terra
442 2513 646 2603 omniparens
659 2512 720 2578 illis
734 2512 908 2601 agitabitur
920 2511 1020 2580 boris.

186 2619 215 2685 :5
238 2621 331 2684 Tunc
345 2620 491 2684 homines
504 2636 609 2709 gratas
624 2618 793 2685 effundent
809 2644 867 2685 ore
883 2620 1030 2710 loquelas
1045 2644 1053 2685 :

239 2728 310 2791 Huc
327 2725 424 2816 agite,
447 2726 509 2791 buc
522 2749 634 2791 omnes
646 2725 806 2791 submisso
823 2725 947 2815 poplite
957 2727 1052 2816 proni

238 2831 409 2898 AEteruum
420 2855 635 2920 magnumque
651 2835 755 2898 Deum
768 2856 943 2921 regemque
956 2855 1142 2923 precentur3

240 2937 398 3025 Donaque
415 2936 578 3002 mittamus
591 2955 734 3003 sanctam
751 2938 988 3026 Omnipotentis
1005 2939 1047 3004 ad
1063 2938 1180 3005 aedem.

240 3044 282 3107 Et
302 3041 423 3107 dociles
438 3043 576 3108 memori
591 3044 767 3110 condamus
784 3061 914 3134 pectore
930 3045 1052 3134 legem,

186 3171 219 3214 ιο
241 3149 314 3233 Qua
330 3171 396 3212 non
411 3166 459 3213 est
475 3148 589 3213 melior
604 3150 698 3215 terris
712 3173 772 3215 noc
786 3149 903 3236 justior
919 3150 996 3216 ulla.

242 3255 285 3319 At
298 3279 358 3320 nos
372 3255 480 3320 aeterni
497 3255 714 3322 deerravimus
731 3256 843 3321 ordine
855 3257 947 3344 juris,

243 3360 288 3425 Ut
300 3360 526 3426 defunctorum
542 3378 661 3428 statuas
679 3379 711 3428 et
727 3361 833 3427 inania
849 3361 956 3453 signa,

243 3466 384 3533 Numina
401 3468 484 3533 facta
499 3492 609 3550 manu,
631 3468 731 3535 sterili
746 3469 926 3536 coleremus
944 3472 1067 3538 bonore

246 3570 317 3660 (Sic
333 3595 390 3637 ore
405 3571 548 3638 unanimi
565 3573 712 3639 mortalia
729 3573 825 3641 corda
842 3574 1044 3666 loquentur).

186 3682 221 3745 25
244 3676 340 3744 Nunc
353 3701 425 3767 age,
442 3696 565 3745 sacrata
581 3697 763 3770 cumgente
779 3679 812 3746 in
826 3704 930 3771 genua
944 3683 1095 3751 cadentes

186 3913 272 3980 aspect
291 3912 325 3969 ιῑς
338 3912 447 3977 ἀγαθόν,
468 3929 515 3964 nec
531 3924 613 3964 tamen
633 3914 704 3965 nimis
770 3918 827 3966 itt.
845 3915 923 3967 fltbet
940 3917 1006 3968 hune
1020 3928 1046 3970 et
1061 3921 1112 3971 duo
1131 3938 1185 3989 sqq.
1205 3921 1280 3973 truti-

186 3984 418 4055 gmffltmffltudo.
735 4007 790 4048 nris,
804 3990 907 4042 Cohort.
924 3992 989 4057 516.

194 4064 252 4114 tlt.
270 4061 323 4114 ctr.
337 4066 487 4130 supra‚bib‚
502 4065 555 4115 ioco
571 4064 646 4131 magis
658 4082 703 4133 op-
770 4067 827 4116 722.
845 4065 909 4116 Just.
926 4067 988 4133 ἔργα
1004 4069 1032 4120 ὀὶ
1049 4088 1113 4138 xmp.
1130 4073 1281 4139 γεραίρομιν

186 4146 281 4200 utum
294 4136 337 4189 bic
348 4147 430 4189 autem
443 4138 524 4191 alieno
539 4150 564 4191 et
575 4151 704 4207 suspecto:
736 4140 828 4207 ἄφρονι
837 4141 917 4208 μύθῳ.

198 4212 299 4266 ῐοιωκ
308 4212 424 4265 delendus
435 4230 526 4266 venua.
773 4219 829 4267 ¹12³.
848 4216 911 4267 Just.
928 4216 1025 4271 εἴδωλα.
