3186 5310
423 456 707 548 sluttutnnuutt
727 457 803 518 ΗΒ.
824 455 875 529 lll,
897 453 967 533 §gb
1201 460 1259 519 stt

226 596 332 682 Atque
345 593 512 658 hominum
530 590 585 655 liet
598 611 671 679 pars
688 587 782 652 tertia
798 586 867 652 sola
883 603 1056 676 superstes.

140 699 202 780 545
271 701 408 780 Graecia,
426 697 626 790 principibus
641 695 719 784 quid
733 694 804 760 fidis
821 712 926 760 morte
938 693 1084 776 caducis,

227 808 327 891 Queis
340 833 407 874 nou
424 809 489 874 ullu
506 807 602 872 datur
620 803 742 870 vitandi
763 802 855 893 copia
872 803 951 869 fati?

227 914 390 996 Quorsum
404 913 561 980 defunctis
573 910 671 976 offers
682 909 818 975 donaria
829 932 927 991 vana,

227 1019 353 1100 Quidve
367 1020 459 1086 litare
470 1021 560 1105 juvat
577 1015 706 1084 statuis!
722 1009 804 1101 Quis
815 1033 847 1080 te
858 1014 983 1104 impulit
997 1038 1091 1081 error

123 1118 127 1128 ’
227 1127 302 1190 Haeo
314 1125 431 1208 lacere,
446 1143 479 1190 et
493 1123 599 1214 magui
612 1121 783 1188 deflectere
796 1121 936 1187 numinis
947 1122 1025 1186 ora?
1048 1206 1053 1211 q

141 1232 204 1296 550
229 1231 297 1295 Ah!
316 1232 422 1320 potius
434 1231 549 1296 summi
566 1253 685 1294 nomen
696 1229 883 1316 cultumque
896 1227 1036 1316 parentis

226 1337 320 1402 Disce
337 1361 475 1402 memor.
492 1336 566 1403 Tibi
577 1335 663 1400 mille
676 1350 708 1399 et
717 1333 883 1424 quingenti
897 1328 1034 1423 amplius
1047 1332 1126 1399 anni·

226 1446 307 1507 Sunt
317 1468 465 1526 numero,
480 1466 571 1530 reges
585 1467 626 1506 ex
637 1466 701 1531 quo
715 1458 768 1506 tua
781 1458 907 1530 sceptra
919 1442 1051 1530 superbi

228 1551 415 1629 Cesserunt,
431 1550 485 1639 qui
498 1551 585 1614 cultu
602 1547 751 1613 homines
765 1546 905 1612 docuere
923 1545 1065 1612 nefando

228 1656 370 1721 Plurima
387 1658 475 1746 signa
492 1657 589 1722 deum
603 1653 748 1720 venerari
764 1653 837 1718 luce
854 1671 1032 1721 carentum.
1121 1733 1123 1737 ¹

143 1763 206 1829 555
231 1764 313 1829 Hine
326 1782 445 1830 vestras
456 1765 578 1854 agitant
590 1762 705 1828 deliria
717 1759 824 1850 turpia
837 1778 974 1826 mentes.

228 1869 290 1935 Sed
302 1870 409 1960 magni
425 1895 524 1959 quum
534 1873 620 1957 justu
636 1868 694 1933 Dei
709 1892 763 1932 vos
776 1868 822 1932 ira
835 1867 983 1953 lacesset,

228 1981 294 2042 Ora
306 1977 365 2042 Dei
379 1978 485 2065 magni
497 1976 629 2041 tandem
640 1972 837 2063 agnoscetis3
856 1990 889 2037 et
904 1995 1017 2037 omnes

227 2083 382 2148 Mortales
396 2085 522 2165 animae,
539 2105 610 2146 sero
626 2097 694 2146 tum
711 2079 812 2143 multa
826 2095 1007 2166 gementes,

228 2189 367 2254 Sublatis
383 2189 532 2254 manibus
549 2187 615 2252 caeli
630 2185 671 2251 ad
686 2208 845 2268 convexa,
863 2183 1002 2273 supremi

73 2354 77 2366 .
139 2297 203 2360 560
227 2296 322 2385 Regis
340 2319 434 2384 opem
450 2295 534 2360 clara
549 2293 704 2383 incipient
719 2292 894 2380 deposcere
909 2314 1006 2373 voce,

227 2401 259 2464 Si
273 2401 344 2488 quis
358 2400 492 2465 terribili
507 2400 642 2464 miseros
655 2397 807 2463 defendat
824 2399 865 2462 ab
881 2396 938 2462 ira.

272 2509 344 2571 Hoc
354 2529 482 2595 quoque
492 2503 676 2571 discendum
688 2520 721 2568 et
735 2503 866 2569 memori
877 2504 935 2569 tibi
947 2524 1055 2573 mente
1066 2509 1254 2594 tenendum,

228 2615 318 2695 Quot
332 2614 414 2677 niala
431 2615 494 2677 sint
506 2631 538 2677 et
552 2636 623 2701 qnoe
638 2628 770 2676 ventura
785 2610 959 2677 ferentibus
975 2614 1076 2680 annis.

226 2721 254 2783 Τ
255 2743 349 2783 auros
362 2739 458 2808 atque
469 2720 580 2801 boves,
597 2741 678 2806 quos
691 2715 807 2799 frustra
823 2703 945 2783 Graecia
959 2718 1090 2810 templis

138 2825 201 2891 565
227 2826 389 2908 Immolet,
404 2826 445 2891 ad
457 2824 563 2912 magni
577 2849 677 2914 quum
687 2823 835 2889 Numinis
845 2825 959 2890 afferet
971 2851 1055 2908 aras,
1155 2842 1158 2847 ’

227 2932 368 3022 Effugiet
378 2933 496 2997 bellum
508 2933 726 3014 horrisonum,
739 2947 939 3021 pestemque,
951 2952 1118 3026 metusque

227 3041 414 3127 Perpetuos,
431 3056 464 3103 et
480 3038 563 3103 colla
576 3041 653 3126 jugo
670 3037 829 3101 subducet
844 3038 965 3126 iniquo.

228 3144 290 3209 Setl
306 3162 412 3210 tamen
431 3145 527 3235 impin
544 3169 621 3233 gens
636 3144 744 3234 plures
760 3144 889 3210 durabit
903 3145 937 3210 in
950 3171 1064 3226 annos,

228 3250 345 3316 Fatalis
358 3252 463 3316 donec
476 3249 583 3315 veniat
596 3249 650 3314 lux
665 3250 718 3314 illa
732 3249 806 3315 diei.

138 3359 203 3447 570
225 3359 300 3423 Non
315 3382 371 3423 vos
386 3359 505 3447 quippe
519 3359 589 3422 Deo
608 3357 750 3422 libabitis
764 3375 854 3440 unte,
870 3377 1000 3448 peracta

227 3467 333 3548 Quam
347 3465 465 3530 fuerint
480 3486 688 3552 quaecumque
700 3462 759 3527 Dei
775 3487 924 3553 suprema
934 3465 1080 3534 voluntas

228 3570 392 3636 Mandavit
408 3570 493 3652 fatis,
506 3568 575 3634 lieri
590 3592 659 3657 quae
673 3586 788 3635 cuncta
803 3594 931 3636 necesse
948 3591 1008 3638 est.

139 3754 194 3805 lons
206 3755 327 3817 ementire,
342 3755 463 3821 simulque
476 3770 548 3805 causa
555 3753 682 3822 perniciei,
692 3753 846 3821 imminente,
859 3757 920 3823 quin
933 3759 1015 3825 etjam
1029 3760 1153 3828 irruptum
1164 3764 1207 3817 Dei
1218 3769 1257 3818 ul.

140 3839 217 3902 tione,
232 3841 345 3891 adversus
369 3856 443 3906 qmm
457 3839 547 3890 frustra
568 3849 678 3906 querunt
700 3840 812 3892 homines
824 3844 952 3894 auxilium.
966 3873 998 3882 —
1012 3849 1070 3906 562,
1092 3864 1145 3914 sqq.
1161 3849 1257 3904 Gem-

140 3941 197 3975 rum
207 3925 239 3976 ad
252 3941 308 3976 vera
326 3940 395 3976 sacra
408 3925 533 3975 conversio
547 3940 623 3974 unum
638 3933 674 3975 tot
684 3925 754 3975 malis
765 3926 912 3992 remedium,
928 3945 1009 3979 serum
1024 3938 1113 3982 tumen.
1127 3959 1158 3970 -

140 4106 181 4139 sus
195 4088 300 4139 laborat.
316 4088 370 4138 Nun
387 4087 453 4153 quod
472 4087 576 4136 nimium
593 4103 637 4137 nos
650 4086 686 4136 ol·
717 4107 800 4157 supra,
816 4095 858 4154 92,
875 4092 926 4142 illic
947 4108 1045 4159 quoque
1058 4109 1088 4152 ex
1106 4093 1136 4145 N.
1154 4095 1198 4160 '123
1215 4098 1257 4151 hie

134 4163 224 4219 „leudst
241 4163 339 4214 insolita
358 4164 436 4214 forma
452 4163 589 4213 θανιόντων
607 4179 613 4211 :
628 4178 686 4212 nem
717 4183 776 4216 vero
790 4183 840 4216 nun
852 4176 901 4218 tam
915 4167 1026 4219 absolute
1038 4169 1153 4236 positum.

141 4239 198 4290 vide
212 4255 294 4305 supra,
310 4241 351 4295 34,
368 4238 532 4294 tutantem.
751 4245 806 4292 stt.
824 4243 950 4294 emmer
962 4245 1027 4294 ὄσσα
1038 4245 1187 4310 ptume.
1202 4253 1265 4314 noo-

176 4317 233 4366 564-
253 4313 310 4363 P0⁵1
325 4313 451 4369 ‘mdtan
465 4315 487 4363 τ’
496 4311 677 4363 omittendum?
716 4319 814 4368 λιύεται
826 4320 873 4368 οὐκ
885 4319 1020 4377 datiuum,
1035 4321 1071 4370 tel
1087 4331 1114 4372 ut
1128 4323 1170 4373 nii
1187 4326 1260 4376 codd.

176 4394 235 4441 5⁸8·
253 4387 330 4440 codd·
344 4390 428 4455 μέχρῑς
440 4389 508 4452 tio!
519 4387 596 4437 τοῦδ’·
719 4393 766 4444 οὐκ
783 4394 911 4444 ἀτέλεστα.
928 4394 978 4444 cn.
999 4395 1072 4455 inire,
1087 4400 1153 4460 699,
1174 4416 1222 4466 sq„
1237 4411 1263 4452 et

175 4469 234 4516 568.
253 4465 372 4516 decurret
384 4463 517 4515 hievernus
527 4462 600 4522 iufra,
611 4464 667 4513 itt.
716 4467 1015 4529 nomer,1152d,2‚727‚
1202 4489 1209 4499 ι

175 4545 233 4593 sto
251 4539 354 4593 Lectum
367 4548 404 4591 est
416 4539 489 4609 μέχρι
498 4539 578 4591 πάντα
585 4538 687 4604 γίνηται
752 4546 809 4596 572.
826 4543 912 4595 Simile
920 4544 1105 4612 hemistichium
1111 4528 1194 4617 mpra,
1205 4552 1260 4606 tot.
