3186 5310
604 446 831 511 PsoOEtsstJtt.

250 575 308 641 Est
322 577 408 642 Deus
423 603 430 642 ε
448 575 501 641 ille
515 577 647 664 famem,
663 596 799 671 pestem,
815 578 984 666 tristesque
998 573 1138 654 dolores,

251 685 292 750 Et
310 683 442 774 glaciem
455 701 551 775 atque
565 685 653 754 nives
666 687 781 755 fundit.
798 684 886 773 Quid
899 685 990 777 plura
1004 679 1181 749 recordor?

185 789 224 856 35
250 792 392 880 Imperat
411 791 464 857 ille
478 792 571 883 polo,
584 796 679 861 terris
695 795 782 863 idem
797 795 932 884 imperat
947 819 956 857 t
976 791 1045 881 ipse
1060 805 1119 856 est.

250 1005 283 1071 Si
300 1006 427 1095 prolem
440 1031 594 1098 generare
610 1009 871 1100 immortalesque
886 1008 1017 1075 daretur

250 1114 327 1178 Esse
341 1117 439 1194 Deos,
454 1140 589 1183 numero
600 1118 709 1209 plures
720 1119 911 1185 mortalibus
926 1116 1021 1194 irent,

251 1220 319 1288 Nec
335 1221 439 1289 standi
452 1223 544 1290 locus
554 1241 610 1291 aut
626 1225 765 1317 spatium
775 1225 980 1291 terrestribus
991 1236 1086 1291 esset.

254 1378 559 1399 .........
586 1377 1077 1416 ,.............

252 1436 298 1515 si,
318 1437 459 1526 genitum
476 1455 525 1504 est
541 1439 783 1529 quodcumque,
800 1440 895 1530 perit,
911 1438 1021 1530 nequit
1034 1460 1103 1503 esse
1117 1450 1240 1502 creatus

186 1548 229 1625 qo
253 1545 405 1612 Femineo
420 1548 507 1612 Deus
521 1571 561 1613 ex
579 1565 673 1615 utero
687 1572 830 1638 sexuque
840 1547 935 1614 virili.

251 1653 314 1719 Sed
327 1657 413 1721 Deus
428 1671 478 1721 est
491 1680 586 1736 unus,
601 1657 688 1723 solus
700 1659 787 1724 Deus
804 1674 900 1747 atque
914 1677 1093 1746 supremus,

252 1761 317 1844 Qui
333 1763 457 1841 celum,
474 1763 589 1842 solem,
608 1765 728 1844 stellas,
746 1764 921 1855 lunamque
936 1761 1068 1840 creavit,

251 1869 449 1959 Frugiferam
466 1889 597 1952 terram,
615 1872 772 1964 pontique
788 1872 944 1941 tumentia
960 1886 1061 1960 terga,

251 1978 400 2046 Excelsos
414 1996 552 2060 montes,
574 1981 745 2073 sontesque
760 2004 903 2072 perenne
920 1977 1070 2057 fluentem

186 2084 227 2167 45
251 2088 292 2152 Εῑ
308 2103 442 2152 uantum
459 2089 520 2153 sub
535 2087 626 2179 aquis
638 2112 738 2179 genus
749 2086 983 2154 innumerabile
996 2087 1143 2177 profert,-⁴

252 2194 506 2284 serpentumque
523 2194 593 2260 solo
608 2195 766 2284 reptantia
782 2218 918 2286 corpora
932 2193 1045 2278 nutrit,

252 2300 293 2364 Et
309 2298 410 2389 pietas
425 2299 585 2385 volucres,
603 2317 716 2392 arguta
731 2325 807 2367 voce
823 2324 969 2380 canoras,

252 2403 394 2470 Vibratis
412 2404 525 2472 leviter
541 2408 722 2499 quatientes
735 2408 853 2475 aethera
867 2408 1000 2499 pennis;

252 2511 473 2603 imposuitque
487 2538 587 2605 genus
598 2515 685 2584 silvis
699 2533 823 2605 agreste
836 2516 988 2595 ferarum,

187 2620 228 2686 50
252 2623 293 2687 Et
306 2620 467 2712 pecudum
482 2624 609 2714 prolem
624 2625 719 2692 nobis
735 2625 854 2694 servire
867 2624 985 2714 coegit,

251 2731 460 2825 praefecitque
473 2731 638 2800 hominem
649 2734 784 2819 cunctis,
797 2732 949 2800 divinitus
964 2747 1085 2817 ortum,

251 2839 430 2907 Innumeris
444 2837 603 2931 variisque
614 2840 690 2908 licet
705 2865 765 2907 nee
780 2858 889 2910 mente
903 2838 1061 2907 tenendis.

251 2947 420 3037 Numquis
438 2970 533 3014 carne
546 2964 632 3014 satus
644 2948 764 3040 poterit
779 2971 975 3040 cognoscere
993 2947 1133 3015 cuneta?

160 3050 167 3069 ⁸
250 3055 322 3143 Ipse
336 3054 394 3121 sed
415 3055 484 3121 haec
501 3057 601 3135 solus,
616 3055 670 3145 qui
690 3054 833 3122 condidit
849 3056 968 3133 omnia,
983 3054 1088 3140 novit,

184 3159 224 3225 55
249 3161 327 3226 Fine
341 3185 465 3240 carens,
482 3179 632 3250 eternus,
649 3163 774 3230 habens
789 3187 885 3253 super
902 3163 1021 3229 aethera
1039 3161 1169 3239 sedem

249 3265 342 3332 Ultro
358 3267 414 3357 qui
427 3270 548 3355 majora
560 3267 656 3335 bonis
670 3270 757 3335 bona
769 3267 887 3348 reddit,
904 3283 937 3333 et
950 3266 1058 3335 idem*

159 3472 305 3525 Prooemium
318 3471 405 3523 amulo
419 3480 473 3538 post
483 3486 557 3523 marn
569 3481 677 3523 nottrmn
691 3472 781 3540 primo,
794 3472 840 3523 uisi
853 3471 971 3532 lallimm,
986 3471 1121 3536 desinente,
1138 3472 1176 3524 rel
1186 3471 1232 3524 suh
1251 3489 1286 3523 ae-

158 3559 232 3610 euadi
246 3557 328 3619 britia,
340 3572 356 3608 a
369 3555 509 3609 uhrmimo
520 3555 661 3623 judaizante
674 3555 850 3608 Alexandrino.
866 3554 989 3623 (ineman
1002 3555 1161 3611 christiam
1173 3557 1285 3609 dmons-

158 3753 215 3789 eum
227 3738 339 3805 sequenti
357 3753 428 3789 vmsu
447 3737 535 3805 legitur
553 3737 627 3790 etiam
640 3739 706 3806 apud
737 3737 785 3798 ira,
797 3742 839 3791 ss.
850 3737 888 3789 Gi.
903 3737 978 3790 etism
989 3738 1034 3790 lib.
1047 3737 1076 3789 V.
1091 3741 1149 3799 494),
1162 3737 1287 3807 mespri-

157 3812 225 3866 Laet.
240 3813 261 3874 1,
274 3829 329 3881 cap.
343 3817 369 3865 8.
739 3832 785 3882 pes
796 3815 1011 3883 γινετῆραΝιοιῑ
1020 3813 1146 3874 tamine,
1156 3812 1197 3866 sed
1206 3814 1288 3884 Sibyl·

191 3894 232 3943 41.
252 3889 298 3942 llic
311 3900 448 3958 quoquest
461 3890 511 3943 duo
529 3908 582 3960 sqq.
602 3891 709 3943 citantur
739 3892 791 3943 lino
803 3892 900 3943 mendo.
916 3890 1059 3942 lectionem
1076 3890 1286 3957 ψυχοτροφιῑται,

159 3965 327 4027 rhotando,
341 3965 363 4026 1,
378 3983 433 4034 cap.
446 3971 476 4027 s,
490 3969 556 4020 unde
569 3969 709 4036 desumptus
739 3966 818 4018 medis
833 3983 879 4035 pro
896 3965 975 4018 activa
986 3963 1073 4030 mma,
1088 3980 1163 4031 quam
1176 3965 1286 4018 dedimus

158 4059 199 4093 eoa
221 4042 369 4110 reperiemus
383 4042 415 4093 ab
437 4054 539 4095 auctore
558 4044 709 4096 prelationis
739 4040 1033 4102 olim‚nuuedcserimus.
1322 4046 1326 4051 '

157 4135 283 4187 anonyme
294 4118 359 4170 infra
371 4119 486 4185 legende.
502 4136 555 4187 pag.
570 4122 611 4172 20.
774 4125 813 4172 tt.
833 4119 862 4170 lu
871 4116 1001 4185 Theophili
1010 4115 1066 4166 eod.
1080 4124 1154 4183 atque
1167 4116 1193 4166 iu
1205 4117 1284 4168 omni·

193 4197 234 4246 tt.
253 4193 348 4255 Helius,
363 4193 412 4255 111,
429 4199 487 4254 stt,
506 4195 580 4262 ἄγρια
592 4196 704 4262 κύματι.
737 4196 784 4248 bus
794 4196 850 4248 edd.
866 4196 962 4256 κτηνῶν
974 4207 982 4246 t
995 4208 1040 4243 noa
1050 4209 1115 4244 corr.

196 4274 236 4323 tt.
256 4270 387 4338 Theophili
404 4272 459 4323 cod.
481 4273 651 4340 ψυχροτρσφιῖ
666 4291 704 4331 τι,
772 4276 812 4324 55.
831 4273 898 4323 haut.
912 4270 979 4321 huue
991 4278 1016 4319 et
1029 4269 1079 4320 duo
1091 4285 1145 4336 aqq.
1158 4284 1241 4319 veram
1251 4270 1286 4320 ci·

163 4345 228 4397 unde
247 4347 290 4399 alii
323 4346 444 4415 adjective
471 4349 635 4415 ψυχροτραφῆ
667 4367 703 4400 τι.
736 4358 774 4400 tat
786 4348 817 4400 de
833 4348 873 4399 Ira
885 4347 944 4406 liei,
969 4362 992 4397 c.
1009 4347 1056 4406 tt,
1071 4343 1215 4412 legensipae
1224 4362 1287 4413 quo·

164 4421 209 4476 llic
221 4438 279 4474 vero
291 4422 382 4491 ipaeeeai
395 4441 446 4474 non
459 4433 517 4475 sunt
529 4424 626 4491 reptilia
639 4424 707 4491 higi-
738 4440 786 4492 que
806 4440 862 4476 cuna
875 4421 1013 4490 'l'heopbilo
1027 4422 1113 4490 aitipa
1126 4422 1217 4480 ναίων,
1236 4438 1286 4474 nou

170 4496 208 4546 dis
221 4496 410 4565 imbumentis,
424 4497 590 4550 aedanimalis
603 4497 707 4564 queiihe
738 4502 825 4568 attice,
838 4501 904 4567 quod
914 4499 989 4565 magis
1000 4514 1077 4565 grece
1095 4514 1138 4549 seu
1151 4498 1226 4564 nag'u
1241 4498 1286 4550 ho·

99 4625 100 4629 ,
164 4574 297 4634 tenuris,
315 4584 344 4626 ut
363 4591 426 4643 sepe
444 4574 511 4643 apud
530 4584 613 4642 poetas
627 4583 653 4626 et
668 4579 706 4625 ln·
738 4575 828 4628 merice
838 4576 936 4644 legitur,
947 4575 978 4635 11,
991 4577 1032 4627 tt.
