3186 5310
83 382 157 431 ων
518 365 773 430 lutuonttc'uo

82 502 190 587 Quare
206 500 283 567 istos
301 499 397 568 etiam
414 523 522 567 versus
539 499 646 566 statim
664 501 706 566 ab
727 499 859 566 exordio
878 499 1029 567 carminis
1047 499 1141 586 hujus
1156 496 1204 563 le·

81 610 217 700 gendos,
236 616 290 691 24,
309 634 377 702 sqq.
395 634 403 676 ε

170 717 292 785 Felices
306 717 352 783 illi
369 716 474 784 vivent
493 717 700 784 terrestribus
718 717 794 805 oris,

171 826 342 893 AEteruum
355 825 486 891 laudare
502 827 621 910 Deum,
640 825 694 914 qui
709 825 769 890 rite
786 824 935 890 solebunt

173 936 257 999 Ante
271 932 381 999 cibum
398 949 431 997 ct
446 949 616 1023 potum...,

174 1044 289 1112 Omnia
305 1044 361 1136 qui
374 1044 443 1112 visu
465 1044 582 1134 templa
602 1060 842 1121 avertentur...,

184 1200 456 1219 .......
480 1175 540 1218 nce
556 1139 644 1217 lucra
658 1151 817 1241 parabunt

177 1258 339 1347 Turpibus
353 1258 551 1325 accumulata
569 1258 718 1325 modis...

88 1367 180 1449 istos,
198 1365 341 1455 inquam,
357 1388 468 1431 versus
485 1366 605 1455 pariter
622 1366 662 1431 de
677 1363 868 1430 Christianis
890 1361 991 1453 accipi
1004 1384 1134 1428 necesse
1149 1378 1208 1444 est,

89 1496 166 1559 non,
186 1489 218 1538 ut
234 1471 366 1561 quidam
380 1470 523 1556 volnere,
540 1470 731 1537 deluderis:
748 1494 885 1560 quorum
897 1492 958 1535 nec
980 1486 1068 1535 tanta
1084 1468 1117 1533 in
1137 1492 1213 1558 pre-

90 1578 195 1646 cando
225 1594 328 1642 ·ante
352 1577 461 1644 cibum
487 1595 520 1644 et
545 1597 657 1668 potum
677 1609 690 1635 υ
719 1577 903 1659 assiduitas;
928 1599 987 1641 uec
1012 1576 1053 1640 ab
1080 1593 1210 1666 aspectu

90 1686 286 1782 templorum
307 1685 393 1752 forte
410 1684 582 1751 obviorum
599 1702 666 1750 tam
685 1669 792 1750 'aversi
812 1685 931 1761 vultus3
955 1707 1013 1749 nec
1030 1699 1118 1748 tanta
1132 1682 1212 1748 lucri

90 1792 281 1859 abstinentia
293 1792 344 1858 vel
357 1792 471 1882 priscis
485 1791 546 1858 illis
564 1790 779 1882 temporibus,
792 1815 832 1856 ne
846 1791 887 1856 da
898 1790 1016 1856 nostris
1027 1790 1210 1879 loquamur,

92 1898 169 1990 fingi
183 1899 301 1990 potuit.
325 1901 429 1965 lmmo
452 1899 529 1965 satis
551 1914 661 1989 aperte
683 1898 813 1989 respicit
834 1916 921 1964 vates
948 1896 988 1964 ad
1010 1918 1210 1987 persequen-

94 2008 173 2073 tium
187 2008 306 2099 probra
323 2007 356 2072 in
369 2006 570 2073 Christianos
582 2022 745 2096 congesta,
762 2007 817 2095 37,
831 2029 904 2097 sqq.
926 2033 934 2072 ι

183 2129 271 2217 Quin
287 2131 433 2197 homines
448 2148 577 2198 sanctos
590 2131 656 2198 risu
669 2131 861 2222 probrisque
876 2132 1046 2215 lacessent,

186 2237 326 2304 Crimina
339 2236 385 2302 nil
401 2237 536 2318 meritis,
560 2238 637 2327 quin
653 2255 686 2304 et
701 2261 758 2305 sua
775 2237 908 2304 crimina
924 2237 1016 2331 pravi

187 2343 363 2435 Affingent,
377 2345 494 2411 fuerint
511 2346 569 2436 ipsi
582 2370 654 2436 quae
669 2345 806 2438 turpiter
821 2347 900 2412 ausi.

97 2451 218 2518 Credas
243 2450 353 2516 audire
377 2467 409 2516 te
432 2450 676 2541 apologetarum
700 2452 844 2542 querelas
868 2455 963 2518 toties
983 2453 1147 2543 repetitas,
1174 2454 1215 2519 de

97 2557 185 2625 falsis
200 2556 369 2648 impiorum
385 2558 536 2624 adversus
550 2558 621 2649 pios
637 2558 923 2625 criminationibus.
943 2559 1041 2643 Quod
1056 2559 1081 2626 si
1104 2584 1122 2625 a
1146 2583 1216 2625 mo-

99 2690 172 2733 rum
189 2665 358 2757 preceptis
375 2682 430 2731 aut
442 2666 595 2756 exemplis
608 2666 749 2732 animum
763 2685 949 2733 convertere
967 2667 1044 2734 velis
1064 2667 1104 2733 ad
1124 2668 1217 2732 theo·

100 2772 237 2862 logicam
272 2773 368 2860 hujus
399 2771 472 2838 libri
500 2771 698 2858 doctrinam,
725 2775 846 2863 relegas
875 2773 1090 2849 suadebovvel
1115 2797 1213 2840 unum

101 2879 276 2970 epilogum,
299 2879 373 2968 178,
395 2901 482 2969 sqq,
508 2878 626 2945 ubido
649 2881 814 2946 hominum
840 2877 949 2944 futuro
969 2898 1043 2970 post
1063 2878 1218 2968 judicium

103 3001 186 3052 statu
207 3001 274 3051 tam
290 2986 370 3050 recti
390 3002 520 3075 tamque
539 2985 712 3051 orthodoxi
734 2985 941 3077 proferuntur
962 3010 1072 3052 sensus
1093 3002 1129 3052 nt
1146 2986 1219 3051 Cle-

104 3115 196 3158 mcns
212 3093 389 3176 Romanus,
406 3091 453 3157 vel
475 3091 669 3182 quicumque
684 3091 744 3157 tuit
766 3092 1038 3158 constitutionum
1054 3093 1219 3184 Apostoli·

105 3198 369 3281 carumsecuudo
395 3200 513 3265 saeculo
528 3198 684 3289 scriptor,
712 3222 777 3263 non
792 3197 986 3265 dubitaverit
1010 3201 1218 3291 transcriptos

103 3305 179 3373 inde
195 3330 302 3372 versus
313 3304 486 3372 duodecim
499 3306 640 3395 integros
657 3304 804 3371 fidelibus
816 3321 967 3396 tanquam
979 3306 1130 3373 credendi
1146 3331 1222 3372 nor·

106 3441 192 3484 mam
214 3437 408 3507 proponere.

72 3509 78 3519 ⁸
148 3525 252 3611 Hujus
270 3518 435 3609 ergolibri
450 3521 495 3586 IV
508 3537 675 3587 auctorem
690 3521 742 3586 vel
756 3544 794 3587 ex
811 3523 879 3612 ipso
904 3520 1053 3587 carminis
1071 3539 1222 3588 contextu

103 3630 318 3700 Christianum
331 3644 401 3694 tuto
419 3651 589 3719 possumus
607 3652 760 3706 asserere,
780 3646 853 3694 ante
873 3627 970 3692 linem
997 3629 1092 3718 primi
1118 3630 1223 3695 sarculi

104 3740 164 3806 snb
181 3738 255 3803 Tito
269 3736 464 3827 imperatore
486 3735 656 3814 viventem,
685 3735 823 3825 ideoque
844 3758 1016 3825 supparem
1040 3735 1225 3826 apostolicis

106 3845 315 3936 temporibus,
331 3842 432 3908 immo
452 3857 543 3933 parte
559 3842 665 3933 aliqua
679 3842 762 3908 Novi
778 3841 988 3922 Testamenti,
1005 3859 1121 3933 quarto
1138 3859 1225 3908 certe

105 3952 283 4042 evangelio,
300 3951 507 4016 anteriorem.
530 3952 696 4034 Quantum
709 3950 785 4017 huic
809 3951 900 4041 operi
924 3951 1076 4041 pretium,
1099 3951 1127 4016 si
1151 3974 1225 4016 vera

106 4079 181 4129 sunt
194 4084 266 4151 quae
279 4059 356 4139 dixi,
371 4059 470 4124 tribui
486 4063 630 4149 oportet!
652 4058 765 4148 Neque
781 4060 927 4124 omittam
951 4059 1083 4143 addere,
1105 4076 1140 4124 ut
1161 4082 1226 4124 non

106 4170 243 4237 fortasse
256 4191 322 4258 prae
343 4167 494 4233 omnibus
510 4166 716 4256 apocryphis,
734 4167 778 4234 ita
793 4183 881 4234 certe
898 4192 965 4258 prae
981 4167 1144 4259 Sibyllinis
1155 4191 1227 4233 om·

107 4278 203 4342 nibus
220 4272 398 4341 christianis
417 4272 559 4363 primunr
577 4273 651 4339 huic
675 4271 807 4339 carmini
823 4273 1022 4364 antiquitatis
1042 4273 1153 4340 deberi
1176 4273 1227 4340 lo·

109 4407 194 4449 cum.
205 4380 303 4466 Quod
314 4379 440 4446 videtur
455 4376 582 4444 firmare
601 4378 657 4469 qui
675 4379 799 4470 primus
816 4405 834 4445 e
852 4381 980 4446 Nostris
998 4379 1039 4445 ad
1058 4379 1138 4446 illud
1152 4403 1235 4470 pro·¹

110 4489 261 4582 phetandi
286 4510 387 4579 genus
400 4509 435 4552 se
444 4485 591 4566 accinxit,
608 4503 677 4552 tum
692 4510 791 4577 quum
816 4487 849 4553 in
864 4486 934 4577 ipso
948 4487 1022 4552 libri
1036 4485 1084 4552 sui
1094 4487 1225 4554 exordio
