3186 5310
229 459 288 524 220
556 465 815 528 ΣΙΒΥΛΛΙΑΚΩΝ
835 466 964 528 ΛΟΓΟΣ
984 468 1021 528 Η.

341 610 467 706 Νάφθᾳ,
486 613 668 701 κάσφαλτῳ,
690 615 742 681 καὶ
759 613 839 700 θείῳ,
860 613 913 682 καὶ
932 613 1003 708 πυρὶ
1020 617 1128 701 πολλῷ

342 703 594 817 Εξαφανισθήσρ,
611 723 662 790 καὶ
678 724 730 818 ἕσιρ
749 722 830 801 κόνις
846 721 1000 790 αίιύνεσσιν

345 825 504 921 Αἰθομίνη.
520 830 584 898 Καὶ
597 836 659 910 πάς
674 836 690 898 ό
708 832 829 915 βλέπων
844 829 1002 923 μυκηθμὸν
1016 829 1138 896 άκούσιι

238 933 300 1005 105
341 936 493 1029 Πένθιμον
512 931 545 1015 ἐξ
560 926 661 1033 Ᾰίδαο
678 940 787 1032 μέγαν,
806 937 858 1006 καὶ
879 938 1014 1032 βρυγμὸν
1036 926 1182 1018 ὀδόντων,

338 1042 403 1109 Καὶ
420 1053 487 1122 ταῖς
506 1053 573 1123 σαῖς
587 1044 745 1139 παλάμαις
765 1042 839 1112 άθεα
861 1045 957 1120 στήθη
979 1051 1189 1138 παταγοῢσαν.

394 1154 495 1218 Πᾶσιν
514 1158 590 1246 όμοῦ
608 1148 663 1232 νύξ
677 1157 759 1220 ἐστιν
778 1153 842 1238 ἴση,
857 1160 921 1231 τοῖς
935 1160 1071 1221 πλοῦτον
1088 1151 1203 1241 έχουσι,

255 1262 263 1275 ’
341 1259 405 1327 Καὶ
418 1266 573 1353 πτωχοῖς·
589 1264 699 1354 γυμνοὶ
716 1252 746 1325 δ’
763 1261 824 1328 άπὸ
837 1270 906 1357 γῆς,
926 1260 1036 1356 γυμνοὶ
1052 1254 1146 1327 πάλιν
1164 1255 1205 1334 είς
1220 1265 1282 1351 γῆν

344 1348 490 1457 Ᾰξαντες,
503 1371 634 1463 λήγουσι
650 1367 717 1456 βίου
731 1369 840 1461 χρόνον
857 1371 1081 1446 ἐκτελέσαντες.

239 1497 301 1542 110
341 1467 453 1554 Οὐδεὶς
476 1467 586 1555 δοῦλος
604 1479 676 1561 ἐκεῖ,
695 1480 729 1546 οὐ
748 1478 863 1571 κύριος,
882 1468 954 1544 οὐδὲ
973 1479 1134 1569 τύραννος,

289 1634 292 1640 .
341 1584 389 1647 Ού
410 1585 556 1667 βασιλεῖς,
576 1588 633 1676 οὐχ
651 1585 795 1679 ἡγεμόνες
817 1584 902 1674 μάλα
915 1593 1007 1678 τῦφον
1023 1585 1160 1676 ἔχοντες,

342 1691 389 1757 Οὐ
410 1692 533 1782 νομικὸς
554 1693 669 1784 ῥήτωρ,
686 1695 742 1758 οὐκ
761 1689 862 1786 άρχων
879 1696 1018 1785 χρήμασι
1034 1688 1164 1784 κρίνων·

341 1798 388 1863 Οὐ
406 1797 515 1865 θυσιῶν
534 1789 683 1877 σπονδαῖς
701 1798 751 1867 ἐπὶ
770 1802 886 1892 βωμοῖς
902 1794 979 1892 αίμα
996 1799 1121 1895 χέουσι·

341 1904 508 1997 Τύμπανον
524 1910 580 1974 οὐκ
594 1911 673 1999 ήχεῖ,
689 1909 723 1974 οὐ
738 1900 896 1999 κύμύαλον
927 1954 1141 1977 ......
1173 1959 1181 1990 ,

240 2010 302 2081 115
346 2014 416 2079 Ούκ
432 2014 522 2092 αὐλὸς
536 2016 731 2108 πολύτρητος
747 2016 824 2107 ἔχων
844 2040 879 2081 τε
899 2009 1107 2110 φρενούλάύον
1125 2003 1234 2093 αὐδήν,

340 2120 387 2187 Οὐ
406 2128 531 2189 σκολιοῦ
550 2124 682 2217 σύριγμα
703 2124 791 2215 φέρον
807 2123 934 2215 μίμημα
953 2114 1132 2216 δράκοντος,

342 2228 389 2294 Οὐ
403 2224 538 2324 σαλπιγξ
552 2231 694 2323 πολέμων
713 2231 879 2326 άγγέλτρια
894 2223 1149 2323 βαρβαρόφωνος·

342 2336 389 2402 Ού
409 2339 524 2431 κώμοις
538 2339 698 2430 μεθύοντες
714 2337 869 2430 ἀθέσμοις,
889 2338 957 2432 οὐχὶ
976 2336 1126 2432 χορείαις·

332 2444 388 2511 Οὐ
406 2446 538 2541 φθόγγος
553 2445 696 2539 κιθάρης·
712 2447 746 2511 οὐ
763 2445 895 2539 μηχανίη
916 2446 1102 2540 κακοεργός·

239 2577 301 2621 120
340 2555 408 2619 Ούκ
421 2554 492 2644 ἔρις,
508 2556 563 2620 οὐκ
577 2557 651 2648 ὀργή
668 2551 898 2637 πολυποίκιλος,
914 2544 986 2620 οὐδὲ
1004 2552 1141 2647 μάχαιρα

340 2641 420 2728 Ἐστι
434 2658 519 2753 παρὰ
530 2659 703 2752 φθιμένοις·
719 2661 788 2727 ἀλλ’
806 2660 878 2727 αἰὼν
895 2663 993 2739 κοινὸς
1010 2660 1120 2745 άπασι,

342 2759 559 2860 Κλειδοφυλαξ
579 2768 700 2860 εἱρκτῆς
721 2768 856 2862 μεγάλης
870 2768 920 2835 ἐπὶ
941 2771 1029 2860 βῆμα
1046 2773 1148 2836 Θεοῖο.

341 2988 475 3076 Χρυσοῖς
488 3009 522 3050 τε
538 2977 669 3061 ξοάνοισι
685 2967 767 3078 [καὶ]
782 2983 938 3077 ἀργυρέοις
950 2982 1075 3063 λιθίνοις
1092 3009 1125 3051 τε

339 3074 454 3183 Ωραῖαι
469 3091 597 3186 γίνεσθε,
610 3092 648 3156 ἵν’
666 3090 771 3164 ἔλθητ’
786 3089 826 3169 είς
844 3091 952 3182 πικρὸν
968 3088 1063 3182 ἦμαρ,

237 3197 298 3266 125
342 3198 401 3274 Σήν
423 3202 549 3293 πρώτην
564 3199 701 3282 κόλασιν,
721 3184 828 3289 Ῥώμη,
848 3196 900 3264 καὶ
921 3199 1056 3293 βρυγμδν
1077 3206 1205 3294 ὁρῶσαι.

337 3308 473 3375 Κοῦκέτι
492 3333 540 3374 σοι
559 3297 695 3372 δούλειον
715 3306 776 3372 ὑπὸ
796 3300 884 3397 ζυγὸν
907 3306 1021 3397 αὐχένα
1039 3307 1122 3382 θήσει

339 3414 386 3479 Οὐ
405 3415 512 3508 Σύρος,
535 3416 594 3505 οὐχ
608 3396 725 3497 Ελλην,
746 3415 779 3478 οὐ
799 3408 966 3506 βάρόαρος,
986 3416 1041 3480 οὐκ
1059 3415 1140 3491 ἔθνος
1160 3410 1249 3482 ἄλλο.

338 3508 575 3613 Εκπορθηθήση,
594 3519 818 3612 κάκπραχθήσῃ
838 3521 883 3584 όσ’
904 3513 1056 3611 ἔπραξας,

338 3629 450 3707 Λύσεις
464 3632 491 3694 τ’
507 3619 666 3716 οἰμώξασα
686 3622 786 3717 φόόῳ,
806 3630 896 3718 μέχρι
912 3631 972 3693 πάν
993 3627 1151 3706 ἀποτίσεις
1165 3649 1174 3668 ·

235 3738 296 3804 130
336 3735 400 3802 Καὶ
421 3742 457 3802 σὺ
481 3728 631 3827 θρίαμόος
651 3734 702 3826 ἔαρ
722 3733 842 3822 κόσμῳ,
860 3734 912 3799 καῖ
931 3724 1047 3813 όνιιδος
1064 3736 1223 3802 ἁπάντων.

389 3825 511 3910 Ιῖκτοτε
526 3832 555 3907 δ’
575 3835 612 3907 αὖ
631 3839 770 3906 Λατίνων
788 3841 862 3914 ἕκτη
878 3843 964 3933 γενεὴ
983 3844 1139 3927 βασιλήων

229 4091 260 4103 -
275 4066 329 4121 101,
348 4078 401 4128 sqq.
416 4062 473 4113 orci
494 4063 632 4130 descriptio.
646 4091 676 4100 -
694 4064 751 4120 123,
766 4077 803 4127 sq.
822 4061 921 4113 Frustra
935 4080 960 4114 se
971 4066 1137 4116 monumentis
1152 4074 1177 4114 et
1193 4063 1301 4114 aedificiis
1314 4082 1363 4117 ex·

229 4157 317 4199 ornant
333 4146 406 4197 urbes
425 4149 507 4213 [quod
526 4149 586 4216 ipsis
603 4146 691 4214 passim
709 4163 723 4196 a
746 4145 839 4213 Sibylla
855 4147 1039 4217 exprobratur}
1054 4179 1085 4188 -
1100 4152 1156 4208 125,
1169 4165 1222 4215 sqq.
1240 4147 1363 4200 Peritum

229 4232 329 4300 quippe,
338 4229 418 4298 μήτοι
431 4246 488 4280 vero
502 4241 559 4282 ante
568 4232 628 4282 alias
636 4230 723 4292 Roma,
736 4230 799 4279 nulli
811 4231 862 4296 jam
876 4235 1023 4299 populorum
1034 4234 1360 4302 impemtura.-131,sqq.

265 4381 321 4431 109.
340 4377 415 4429 Codd.
424 4374 539 4436 αὔξοντες
555 4418 560 4428 .
574 4395 619 4430 ποι
632 4396 696 4430 corr.
844 4382 898 4430 122.
917 4383 1084 4446 Κλειδορύλαξ
1094 4392 1130 4432 est
1139 4398 1170 4432 ex
1180 4380 1306 4446 evangelio
1314 4379 1362 4432 Ni·

266 4457 323 4517 111,
337 4471 391 4522 sqq.
407 4454 443 4504 Ex
455 4455 556 4521 Αροωιῖ.
573 4458 618 4519 18,
632 4459 707 4515 κῖἳ,
716 4472 750 4523 sq.
808 4456 912 4520 codemi,
925 4456 955 4505 de
965 4456 1021 4508 Orci
1029 4458 1138 4507 custode.
1153 4456 1209 4507 Post
1222 4456 1290 4506 hunc
1303 4472 1364 4507 ver-

265 4534 322 4582 111.
341 4531 379 4581 An
393 4530 484 4580 rectius
502 4529 572 4595 ἐστί,
590 4531 638 4582 hoc
656 4536 775 4583 accentu?
808 4547 861 4581 tum
875 4532 987 4581 lacunam
1006 4532 1080 4598 pn'mi
1097 4548 1141 4582 nos
1153 4532 1302 4591 indicamus,
1319 4531 1362 4582 fu·

230 4607 324 4668 Deinde
337 4606 408 4660 codd.
417 4608 526 4678 περαρθ.
538 4623 588 4658 unt
599 4624 668 4664 νοτε.
809 4607 856 4658 cile
863 4607 1032 4681 supplendam,
1043 4608 1078 4660 ita
1085 4623 1190 4682 nempe:
1201 4609 1270 4683 ’Ἄρτι
1278 4608 1307 4659 δέ
1319 4624 1364 4669 τοι
