3186 5310
358 397 453 449 xxvur
785 387 1037 452 taruonucuo
1109 472 1114 482 .

361 541 445 617 rum.
465 554 480 580 ι»
498 525 542 589 Ut
559 547 637 614 ergo
658 524 757 590 libros
771 544 899 591 nostros
912 523 1137 614 therapeutica
1151 521 1269 588 scholae
1282 518 1475 600 tribuamus,

361 627 477 694 sufficit
493 654 592 696 unum
611 655 649 697 ex
663 631 731 698 istis
743 631 847 723 poetis
865 650 959 698 sectae
977 656 1042 698 suae
1056 629 1260 720 superfuisse.
1276 625 1477 692 Conveniunt

362 750 495 801 austerae
520 737 564 802 illi
582 755 613 805 et
631 739 722 830 quasi
742 737 924 805 monastica
941 739 1216 828 Therapeutarum
1238 734 1312 801 vitae
1327 732 1475 799 etiamen

363 865 434 930 quae
455 866 551 932 supra
565 861 670 911 sunta
687 846 781 912 nobis
805 870 843 910 ex
862 847 943 912 libro
958 848 1002 911 IV
1016 846 1124 928 allata,
1140 846 1180 911 de
1191 842 1318 933 piorum
1331 838 1475 905 virorum

362 949 511 1036 precibus
536 952 701 1019 matutinis
729 953 1013 1043 vespertinisque«
1038 968 1111 1019 ante
1135 951 1243 1017 cibum
1265 965 1298 1014 ct
1315 965 1440 1040 potum.
1457 977 1471 1004 ι

361 1057 519 1124 Convenit
544 1060 639 1126 etiam
662 1060 763 1151 quod,
786 1061 867 1126 sicut
887 1060 963 1126 alias
982 1060 1104 1126 dictum
1121 1074 1181 1143 est,
1197 1057 1356 1122 Prooemio
1373 1054 1476 1146 Sibyl·

363 1160 430 1228 lino
455 1189 529 1232 cum
554 1167 639 1234 libro
658 1169 751 1249 VIII,
775 1179 790 1252 5
814 1193 852 1253 2,
870 1191 1040 1236 commune
1063 1166 1215 1257 quiddam
1237 1181 1292 1230 aut
1314 1161 1475 1252 persimile

363 1267 450 1336 docti
476 1259 665 1364 interpretes
685 1260 891 1366 agnoverunt,
919 1275 1010 1341 illum
1029 1296 1144 1364 nempe
1162 1271 1423 1363 philosophicum
1442 1285 1476 1336 et

346 1377 455 1480 'quasi
476 1382 729 1474 metaphysicum
755 1383 897 1450 colorem
922 1380 1075 1448 orationis
1099 1379 1225 1470 utrique
1248 1376 1382 1444 carmini
1412 1376 1476 1442 ins·

361 1506 502 1573 persam,
518 1505 555 1552 ut
571 1487 604 1552 in
615 1489 774 1554 Proomio
785 1488 961 1579 syllogismi
977 1511 1062 1552 mere
1078 1485 1234 1552 dialectici
1245 1484 1398 1574 speciem,
1417 1482 1472 1571 39,

363 1611 448 1679 sqq,
465 1610 498 1657 et
511 1593 595 1660 libro
612 1594 691 1660 VllI
707 1594 920 1686 digressiones
938 1595 978 1660 de
990 1593 1134 1678 homine,
1152 1610 1301 1682 tanquam
1319 1591 1390 1657 viva
1415 1590 1476 1656 Dei

362 1696 512 1788 imagine,
528 1701 605 1787 378,
621 1727 669 1792 sq.
681 1726 690 1788 3
706 1702 784 1782 dos,
799 1725 865 1793 sq.;
877 1703 917 1769 de
929 1702 1104 1768 substantia
1116 1725 1135 1766 a
1147 1703 1218 1766 Deo
1229 1701 1323 1766 Patre
1332 1717 1474 1790 accepta,

363 1804 466 1871 forma
480 1824 587 1875 autem
600 1808 722 1892 aFilio,
733 1810 822 1892 VIlI,
839 1808 917 1875 ibid.
935 1824 966 1874 et
980 1806 1096 1899 passim
1109 1831 1117 1872 ι
1130 1830 1194 1898 quo
1210 1806 1306 1874 etiam
1316 1807 1477 1896 pertinent

363 1912 476 1978 crebra
498 1914 592 1980 nimis
613 1915 696 1981 libro
726 1915 840 1981 eodem
867 1915 1062 1981 recurrentia
1085 1914 1232 2005 imaginis
1261 1931 1294 1980 et
1313 1915 1424 1979 lormoe
1444 1931 1477 1980 et

362 2020 459 2085 semel
475 2020 554 2087 ideae
577 2023 732 2089 vocabula
749 2051 756 2087 :
780 2046 850 2114 quae
865 2002 969 2088 omnia
982 2022 1075 2089 nimis
1091 2023 1186 2088 docta
1205 2023 1400 2106 viderentur,
1416 2021 1477 2088 nisi

360 2143 521 2194 constaret
534 2129 652 2196 talibus
669 2129 780 2196 studiis
799 2130 969 2195 innutritas
986 2129 1082 2196 fuisse
1093 2131 1366 2219 Therapeutarum
1390 2152 1478 2195 men·

363 2249 430 2301 tes:
456 2268 469 2293 a
488 2239 573 2302 Dant
589 2261 733 2328 operam,
749 2239 863 2327 inquit,
880 2236 1096 2328 philosophiae
1112 2261 1171 2328 per
1184 2259 1296 2302 manus
1307 2252 1476 2325 acceptare

361 2341 550 2428 majoribus,
562 2345 734 2410 scrutando
745 2347 812 2431 ejus
822 2344 1001 2432 allegorias.
1021 2376 1034 2400 »ι
1047 2345 1132 2408 Nota
1145 2343 1413 2433 hancpraesertim
1430 2343 1478 2410 ul-

363 2448 473 2513 timam
488 2471 612 2531 vocem,
628 2450 679 2515 cui
694 2453 744 2516 bis
758 2468 791 2515 et
804 2467 852 2516 ter
871 2450 989 2517 insistit
1002 2449 1109 2531 Philo,
1123 2449 1256 2517 laudans
1271 2450 1428 2539 praecipue
1444 2449 1477 2514 in

362 2553 424 2620 illis
440 2555 623 2622 hominibus
638 2558 860 2647 allegoriarum
877 2557 1031 2640 studium,
1047 2580 1105 2622 nec
1115 2556 1244 2636 mirum,
1258 2578 1401 2621 summus
1410 2554 1477 2645 ipse

363 2662 473 2728 talium
489 2663 659 2752 figurarum
675 2665 851 2731 admirator
865 2683 896 2732 et
908 2691 967 2756 pro
984 2688 1040 2731 sua
1057 2680 1147 2754 parte
1163 2679 1314 2729 sectator.
1334 2666 1376 2728 At
1388 2663 1414 2729 si
1428 2680 1477 2729 at·

364 2767 492 2846 tendas,
510 2769 617 2835 omnia
629 2771 695 2836 fere
707 2796 776 2861 quae
788 2773 871 2837 libro
887 2774 965 2838 VIII
982 2772 1021 2837 de
1041 2770 1186 2860 passione
1208 2769 1324 2835 Christi
1343 2772 1477 2837 tradun-

365 2888 434 2951 tur,
462 2898 537 2962 290,
558 2899 629 2966 sqq.
650 2902 707 2967 per
727 2879 893 2969 allegorias
916 2878 1133 2969 explicantur,
1156 2900 1272 2966 easque
1298 2878 1475 2966 (fatendum

259 3018 262 3029 ·
363 2980 462 3068 enim)
486 3000 549 3047 tam
572 3000 734 3051 contortas
751 3004 847 3075 atque
869 2987 1033 3066 violentas,
1055 3000 1091 3050 ut
1112 2983 1280 3050 Philonem
1304 2985 1419 3074 ipsum,
1451 2984 1476 3050 si

360 3083 559 3154 Christianus
580 3090 700 3174 fuisset,
723 3110 777 3157 aut
803 3094 998 3182 origenem,
1028 3091 1088 3158 nisi
1109 3092 1211 3156 multo
1231 3092 1408 3182 posterior,
1433 3092 1475 3157 ita

360 3191 544 3263 locuturum
558 3197 655 3263 fluisse
672 3202 793 3266 credas.
817 3202 878 3266 Sed
906 3201 1024 3291 aliquid
1049 3200 1149 3288 magis
1168 3200 1265 3265 etiam
1281 3201 1477 3291 therapeuti-

361 3323 434 3366 oum
454 3301 487 3367 in
513 3304 577 3369 hoc
601 3305 670 3394 ipso
694 3307 778 3372 libro
793 3324 906 3372 notare
929 3323 992 3384 est,
1013 3324 1207 3397 praeceptum
1226 3331 1340 3396 nempe
1363 3307 1477 3374 ceteris

363 3424 430 3473 tum
445 3408 630 3475 Christianis
646 3412 845 3503 incognitum
858 3413 1057 3479 abstinentiae
1073 3413 1191 3496 carnis,
1205 3414 1269 3493 403
1285 3438 1293 3478 :

450 3515 535 3582 Huic
550 3534 584 3582 tu
598 3542 683 3609 poue
697 3519 808 3586 volens
820 3545 932 3609 puram
949 3522 1015 3586 sine
1028 3524 1178 3611 sanguine
1193 3544 1348 3599 mensam,

360 3623 447 3712 quod
459 3640 654 3714 praeceptum
667 3627 877 3716 Therapeutis
885 3630 1026 3694 solemne
1036 3631 1052 3692 s
1051 3629 1133 3695 uisse
1147 3629 1242 3694 docet
1258 3629 1365 3708 Philo,
1380 3652 1417 3694 ao
1427 3630 1477 3695 vel

360 3729 436 3820 ipsis
455 3731 570 3797 diebus
589 3733 678 3799 festis
697 3736 901 3801 observatum
927 3763 934 3801 ε
961 3767 974 3793 ι
999 3737 1113 3802 Mensa
1130 3759 1208 3824 pura
1224 3751 1272 3800 est
1297 3759 1313 3799 a
1341 3735 1479 3800 cruentis

359 3837 507 3926 dapibus.
527 3871 541 3898 n
566 3840 735 3907 Philonem
752 3845 841 3930 juvat
861 3843 914 3909 hic
936 3866 1002 3908 non
1019 3844 1118 3909 modo
1137 3840 1315 3921 sententia,
1332 3843 1388 3908 sed
1405 3840 1479 3932 ipsis

359 3968 450 4034 paene
464 3946 569 4012 verbis
585 3972 657 4013 cum
673 3948 791 4039 Sibylla
805 3950 1058 4015 consentientem
1071 3934 1224 4040 reperire:

385 4114 420 4174 V
418 4115 464 4182 11.
480 4116 529 4179 De
541 4118 735 4182 ccrtm‘m'dus
747 4119 912 4204 Sibyllinis
925 4124 1155 4184 Antoninorum
1169 4134 1309 4209 tempore
1320 4123 1455 4208 scriptis,

692 4227 835 4308 111,§3,
859 4227 903 4309 V,
924 4239 956 4289 et
974 4223 1098 4309 Vll!,§
1116 4250 1144 4293 1.

404 4380 431 4438 A
462 4375 565 4465 primo
591 4375 706 4441 saeeulo
741 4374 906 4441 desinente
935 4377 982 4440 vel
1007 4376 1148 4442 secundo
1176 4375 1349 4466 incipiente
1376 4391 1481 4440 trans·

360 4482 500 4550 eundum
527 4484 635 4550 statim
656 4483 697 4548 ad
715 4483 888 4548 secundum
917 4484 1084 4573 plusquam
1106 4482 1287 4564 dimidium,
1308 4482 1340 4547 id
1362 4499 1423 4564 est,
1440 4480 1481 4548 ad

92 4720 441 5002 Λ
