3186 5310
241 1080 1137 1360 sinuantnoaun
1238 1347 1240 1356 ι

392 1547 987 1709 outouuoaun

501 1948 651 2028 LIBER
678 1946 890 2040 SEXTUS.

228 2520 352 2585 AEterni
367 2544 518 2609 magnum
534 2520 699 2585 celebrant
714 2543 785 2584 mea
801 2537 928 2609 pectora
946 2537 1067 2598 natum,

230 2627 287 2691 Cui
302 2645 391 2716 pater
408 2627 611 2716 omnipotens
627 2611 742 2691 solium
758 2627 916 2691 concessit
935 2627 1131 2708 babendum,

227 2734 378 2800 Nondum
397 2735 582 2824 progenit03
603 2734 722 2799 natales
741 2757 836 2798 carne
855 2735 1013 2799 secundos

227 2843 291 2923 Qui
306 2841 401 2930 cepit,
417 2865 507 2906 sacro
523 2858 692 2931 postquam
705 2864 774 2905 sese
792 2840 894 2905 abluit
912 2865 1005 2905 amne

187 2948 204 3011 5
228 2947 372 3027 Jordani,
390 2953 480 3042 cuius
492 2948 606 3036 glauco
621 2948 703 3037 pede
720 2946 840 3012 labitur
859 2935 959 3023 unda3

234 3053 311 3136 Qui,
327 3051 455 3117 llamma
469 3053 638 3143 effugiens,
655 3052 777 3143 primus
791 3052 851 3117 sibi
864 3052 957 3118 dulce
971 3052 1092 3118 videbit

233 3160 366 3225 Flamen
381 3161 490 3224 adesse
505 3160 577 3240 Dei,
592 3160 758 3225 candentis
775 3184 866 3224 more
883 3160 1053 3225 columbae.

229 3267 373 3331 Florebit
393 3265 451 3331 llos
469 3288 584 3356 purus3
602 3265 691 3356 aquis
708 3267 781 3331 fon's
795 3264 919 3332 dillluet
937 3265 1054 3332 omnis.

232 3372 380 3438 Caelestes
397 3372 566 3437 bominum
584 3371 693 3459 generi
712 3371 872 3460 callesque
888 3371 1016 3460 viasque
1043 3421 1048 3432 .

170 3503 208 3544 to
230 3479 425 3544 Monstrabit
441 3506 449 3543 ι
468 3478 561 3543 simul
583 3480 643 3543 bos
662 3478 796 3568 sapienti
817 3502 896 3543 voce
911 3479 1040 3544 docebit

141 3707 168 3741 v.
183 3693 223 3749 ³2,
236 3700 359 3758 preeunte
370 3691 441 3749 lsaia,
456 3708 511 3758 cap.
523 3694 549 3750 O,
562 3708 586 3740 ν.
604 3694 628 3740 ἵ.
718 3691 785 3741 bunc
794 3691 888 3741 videtur
896 3692 941 3750 ἡδὺ
951 3691 1044 3756 Πνεῦμ·
1051 3709 1100 3742 csse
1107 3692 1261 3761 desumptum

177 3769 201 3816 d.
220 3766 284 3817 Olim
298 3769 380 3831 μήπου
392 3770 556 3831 γεννηθέντος,
575 3768 628 3817 ἐπεὶ
647 3767 688 3817 διὰ
718 3783 748 3815 ex
766 3766 893 3830 Prooemio,
910 3771 938 3829 5,
958 3768 1001 3817 ubi
1018 3768 1094 3830 γλυκὺ
1110 3768 1223 3834 Πνεῦμα,
1239 3779 1264 3821 et

142 3842 226 3908 σάρκα
240 3858 247 3893 :
263 3859 307 3893 nos
325 3843 395 3893 codd.
409 3859 484 3893 noros
501 3843 625 3908 sequimur
639 3858 645 3893 :
660 3853 688 3892 to
719 3840 809 3892 ibidem
822 3842 847 3891 in
867 3842 989 3892 baenatii
1002 3844 1074 3893 codd.
1095 3844 1159 3894 Θεὸν
1182 3844 1261 3912 ipsum

142 3916 197 3968 ride
210 3927 261 3969 not.
718 3917 810 3967 dictum
822 3917 940 3968 invenias.

179 3996 203 4043 l.
221 3992 286 4043 Olim
298 3993 418 4059 προχοαῖς
429 3995 450 4043 δ’
461 3994 533 4043 daci.
753 3995 776 4042 i.
797 3992 921 4043 Columbae
946 3993 1052 4042 colorem
1078 3992 1137 4043 binc
1163 3994 1263 4045 fortasse

178 4072 203 4119 d.
222 4068 286 4117 Olim
299 4068 327 4117 bt
341 4069 418 4134 πυρὸς
434 4069 463 4117 ἐκ
477 4069 578 4136 πρώτου
589 4071 689 4134 πρῶτος
719 4067 789 4117 duxit
797 4067 948 4126 Lactantius,
962 4067 1003 4129 IV,
1019 4085 1072 4134 cap.
1087 4072 1116 4118 15
1128 4085 1135 4118 t
1148 4091 1158 4113 α
1171 4070 1199 4120 ln
1211 4088 1265 4136 spe·

144 4144 216 4201 θεὸς,
225 4145 284 4194 ὅστε
291 4144 333 4193 καὶ
341 4144 401 4202 ἡδὺν
412 4143 538 4207 Πνιύμοτι
550 4145 688 4208 γινόμενον.
723 4165 735 4188 a
755 4142 826 4196 ciem.
841 4142 930 4207 inquit,
941 4143 1059 4192 columbae
1073 4144 1190 4194 candidae.
1202 4167 1214 4190 a

144 4217 207 4269 Novi
216 4219 286 4269 codd.
298 4228 326 4268 ut
335 4235 387 4278 nos,
397 4217 443 4268 nisi
453 4219 518 4283 quod
526 4219 589 4269 θεὸν
600 4219 692 4269 habent
756 4221 780 4268 8.
800 4217 870 4267 Prius
887 4217 1068 4268 hemistichium
1082 4218 1195 4270 citatura
1207 4220 1267 4270 Lac·

145 4296 235 4354 ὄψεται
254 4296 314 4353 ἡδὺν
335 4295 457 4357 meludit
480 4295 609 4358 γινόμενον
626 4310 632 4344 :
647 4310 692 4343 nos
722 4294 811 4356 tantia,
824 4292 865 4354 tv,
881 4309 934 4360 cap.
954 4295 992 4343 ts.
1011 4293 1039 4342 ln
1053 4295 1131 4344 altero
1144 4295 1268 4361 legebatur

144 4384 211 4419 corr.
225 4367 276 4419 Cir.
291 4368 377 4418 llattb.
396 4370 485 4433 Evang.
501 4385 555 4436 cap.
572 4373 595 4427 3,
610 4385 632 4418 v.
648 4371 689 4431 26,
722 4370 781 4418 olim
800 4368 904 4436 βρύουσι
918 4368 944 4418 tt
962 4369 1052 4432 πάντα,
1067 4371 1108 4418 sed
1122 4370 1179 4419 nori
1195 4371 1267 4422 codd.

145 4442 191 4494 ubi
207 4443 304 4494 videtur
317 4436 366 4493 alde
384 4444 414 4492 ad
433 4443 574 4503 Christum,
594 4460 644 4493 non
661 4444 692 4493 ad
723 4453 751 4493 ut
763 4459 808 4493 nos
819 4458 824 4491 :
836 4442 881 4493 clr.
893 4443 1011 4493 Ezechiel.
1026 4460 1080 4511 cap.
1093 4447 1133 4503 li,
1149 4462 1173 4498 r.
1186 4449 1255 4496 t-tt.

145 4518 265 4569 loannem
272 4517 400 4576 referri‚et
412 4517 447 4568 sic
461 4518 570 4584 plerique
583 4529 693 4570 veterum
761 4521 799 4569 to.
820 4518 884 4572 Olim
902 4519 1046 4586 οὐρανίους,
1065 4529 1196 4585 utrumque
1213 4522 1272 4586 legi-

146 4594 382 4645 intellexemnteum
392 4603 475 4644 nostro
484 4594 695 4661 Sibyllinadpud
727 4594 795 4644 time.
