3186 5310
482 413 767 480 SlBYLLlNORUM
788 416 860 478 LIB.
881 415 962 491 VIII,
983 409 1002 496 ξ
1023 418 1053 478 1.
1265 415 1325 476 223

292 551 413 616 Functa
428 551 493 636 die,
511 552 610 618 vitam
626 552 748 643 pariter
759 569 988 642 sceptrumque
1000 548 1172 638 relinquet.

291 660 350 744 [At
364 679 481 744 genere
495 681 535 723 ex
553 658 609 723 illo
625 658 776 749 princeps
793 656 1015 725 dominabitur
1025 656 1119 740 alter,

288 767 353 851 Qui
371 783 474 834 terras
491 792 604 834 omnes
620 768 762 859 subiget,
780 768 835 859 qui
850 785 976 859 sceptra
988 766 1114 833 tenebit

184 944 185 947 Ἴ
201 869 262 937 135
286 874 362 939 lure
377 899 435 940 suo
449 900 586 967 regnans
608 877 620 965 (
629 901 666 941 ca
682 876 830 942 Numinis
844 900 933 967 aequa
948 876 1130 964 voluntas),

286 982 507 1074 Succedetque
521 985 577 1049 olli
595 985 691 1074 stirps
711 985 899 1050 inconeussa
914 984 1090 1074 nepotum]
1110 1011 1117 1046 :

285 1087 370 1153 Nam
385 1090 432 1156 sio
445 1090 479 1155 in
493 1091 565 1156 fatis
579 1090 691 1172 fixum,
708 1087 914 1158 vertentibus
926 1090 1030 1176 annis,

285 1198 394 1280 Quum
408 1198 519 1264 tulerit
532 1223 623 1290 reges
643 1202 691 1266 t'er
706 1201 848 1292 quinque
864 1200 1017 1290 AEgyptia
1033 1198 1140 1264 tellus.

328 1309 413 1376 Hinc
428 1311 484 1375 ubi
500 1310 659 1377 Phoenicis
672 1315 738 1399 jam
754 1309 864 1401 quinta
879 1309 1050 1376 recurrerit
1064 1312 1161 1394 actas,'

197 1418 260 1494 140
283 1416 452 1502 Adveniet,
468 1419 585 1484 multas
604 1419 658 1509 qui
676 1437 810 1509 proruat
820 1419 938 1507 impete
957 1434 1079 1507 gentes,

282 1526 496 1591 Hebraeorum
511 1526 624 1592 hostis.
643 1529 735 1592 Tunc
752 1527 840 1592 Mars
857 1551 875 1591 a
889 1527 996 1592 Marte
1010 1541 1189 1614 premetur,

282 1633 553 1724 Romulidumque
567 1635 662 1701 simul
681 1636 867 1724 frangentur
883 1635 946 1699 tela
963 1632 1134 1723 minaeque.

283 1741 407 1806 lnteriit
421 1739 539 1808 florens
556 1744 702 1808 Romana
716 1743 862 1834 potentia
881 1741 1063 1834 quondam,

280 1850 343 1912 Tot
354 1847 574 1937 circumjectas
588 1848 720 1939 longum
736 1849 900 1916 dominata
919 1872 976 1939 per
988 1853 1097 1916 urbes.

193 1953 255 2034 145
279 1954 347 2020 Nec
360 1959 426 2044 jam
441 1957 566 2023 felicem
581 1960 696 2023 Romae
709 1957 843 2023 victoria
856 1982 1004 2049 campum

280 2063 442 2152 Protegat,
459 2088 499 2128 ex
515 2063 589 2129 Asia
605 2065 736 2130 veniens
755 2088 856 2154 quum
873 2063 988 2128 fortior
1002 2062 1118 2143 bostis,

263 2169 384 2235 Marte
403 2188 530 2260 potens,
551 2171 654 2260 ipsam
669 2188 743 2261 post
760 2171 869 2236 omnia
885 2171 996 2236 tendet
1007 2170 1040 2235 in
1054 2172 1189 2237 Urbem.

278 2275 498 2365 Quadraginta
514 2301 615 2344 annos
632 2278 811 2368 complebis
826 2296 937 2368 terque
955 2295 1117 2345 trecentos

277 2384 319 2447 Et
334 2407 433 2474 super
447 2385 497 2449 his
509 2403 596 2465 octo,
616 2410 715 2476 quum
727 2402 760 2451 te
771 2385 945 2472 justissima
960 2386 1091 2451 tandem

189 2487 253 2554 ι5ο
276 2491 354 2555 Fata
372 2509 427 2556 tuo
444 2492 593 2558 miseram
608 2495 770 2584 completo
783 2494 913 2559 nomine
925 2493 1074 2584 perdent.

320 2599 380 2665 Hei
396 2600 494 2665 mihi!
513 2600 644 2691 quando
657 2601 735 2666 illud
752 2625 882 2667 cernam
897 2601 1089 2667 miserabilis
1102 2623 1221 2682 aevum,

275 2706 381 2771 Triste
392 2707 524 2797 quidem
539 2708 612 2793 tibi,
629 2711 744 2788 Roma,
760 2726 794 2773 et
810 2708 934 2775 cunctis
953 2708 1044 2774 triste
1056 2706 1201 2773 Latinis?

274 2813 369 2881 Nunc
384 2815 511 2882 celebra
525 2816 608 2882 votis
624 2817 727 2898 illum⁷
745 2817 800 2906 qui
813 2817 916 2882 noctis
932 2816 965 2882 in
978 2818 1095 2883 umbra

273 2921 411 2999 Insidias
418 2923 493 2989 Asia
508 2940 601 3014 parat
615 2924 768 2990 interiore
783 2941 941 3014 repostas,

185 3023 247 3093 155
272 3028 436 3095 Scandens
452 3030 567 3097 Iliacos
579 3055 705 3109 currus,
722 3049 755 3096 et
766 3055 850 3097 saeva
864 3031 968 3097 leonis
1248 3105 1249 3108 Ἴ

273 3137 379 3203 Corda
393 3161 520 3227 gerens.
537 3141 601 3206 Sed
615 3163 714 3230 quum
726 3138 885 3205 bimarem
899 3139 1083 3229 perruperit
1095 3139 1262 3217 isthmum,

271 3241 439 3334 Vestigans
453 3245 567 3332 oculis,
581 3248 781 3336 trajectoque
797 3245 905 3311 omnia
918 3262 1044 3311 vastans

269 3351 426 3441 AEquore,
442 3370 519 3419 tunc
531 3352 633 3419 satum
648 3352 787 3418 inveniet
802 3353 869 3417 fera
883 3376 999 3442 magna
1013 3368 1197 3440 cruentum,

269 3461 467 3551 Urgebitque
484 3461 571 3527 canis
587 3461 797 3555 populantem
813 3477 959 3526 armenta
976 3459 1127 3526 leonem:

176 3614 235 3670 mlii
255 3619 297 3682 29,
316 3619 381 3671 uude
403 3621 514 3687 requitur
531 3620 677 3671 anteriorem
697 3620 765 3671 hunc
781 3636 832 3670 esee
845 3618 963 3686 librum].
978 3649 1012 3658 -
1033 3621 1089 3677 151,
1112 3635 1165 3687 sqq.
1189 3617 1255 3669 Votis
1268 3633 1309 3668 ac·

176 3701 253 3790 uertit
263 3701 356 3772 Sibylla
374 3704 496 3758 funestum
507 3707 572 3758 istud
584 3705 751 3773 [Antichristi]
769 3715 874 3773 tempus,
893 3706 951 3772 qula
963 3706 1075 3756 futurum
1087 3705 1170 3756 Rome
1183 3713 1208 3755 et
1218 3701 1311 3755 honis

175 3787 440 3854 uitiosum-15¹1,
465 3809 518 3861 sqq.
539 3793 605 3844 Ultio
623 3793 721 3844 tandem
742 3792 821 3858 ipsum
842 3791 1051 3858 [Antichristum]
1075 3800 1152 3841 terras
1176 3798 1310 3840 vmtantem

174 3884 335 3942 mquam,
351 3891 475 3944 regnoque
486 3888 586 3930 evertet.
601 3907 633 3917 -

211 4013 268 4063 152.
287 4011 323 4064 De
335 4011 414 4064 lorma
426 4015 479 4065 σεῖο
494 4031 539 4081 pro
555 4031 596 4065 σοι
608 4023 725 4081 usurpata
758 4012 815 4063 dem
825 4012 970 4074 insolenter,
983 4013 1039 4063 loco
1050 4012 1149 4069 λέοντος
1160 4026 1202 4063 seu
1215 4011 1305 4077 θηρόςι

173 4083 222 4139 cfr.
240 4085 271 4148 V,
293 4093 351 4148 tat,
369 4093 426 4150 ³96,
447 4092 605 4157 eamdemque
623 4091 722 4158 passim,
758 4087 805 4142 cfr.
824 4088 865 4148 xl,
884 4094 940 4142 180.

172 4160 378 4228 berberamlioet,
389 4166 498 4218 invenias
507 4167 534 4218 in
543 4165 678 4234 Sibyllinis.
794 4167 851 4216 151.
871 4162 1308 4232 Graecapropriesigntfiont:«1nde

209 4241 266 4292 tet.
284 4239 362 4293 codd.
396 4245 506 4310 κωμάζει
534 4245 648 4310 βουλαῖσι
680 4245 723 4294 τὸν
759 4240 835 4292 leram
845 4257 958 4308 magnam
970 4249 1129 4308 persequetur
1140 4249 1194 4291 ater
1205 4255 1309 4299 cruor,-

173 4312 318 4382 {raptum
337 4333 404 4371 corr.
423 4329 537 4370 manente
558 4329 640 4371 tamen
659 4320 725 4370 inso-
758 4325 809 4375 sive
834 4325 911 4392 ipsius
931 4342 1020 4385 cruor,
1041 4324 1153 4375 scelerati
1178 4323 1236 4386 viri,
1259 4324 1309 4374 sive

172 4389 235 4442 lenti
246 4408 306 4444 voce
319 4395 425 4462 λοχείαις
433 4412 479 4463 pro
492 4397 583 4464 λόχοις.
759 4400 854 4451 alienus
863 4400 894 4451 ab
907 4402 960 4469 ipso
974 4400 1041 4451 finus
1057 4401 1216 4467 intelligatur.

211 4470 266 4520 155.
285 4470 362 4522 codd.
392 4471 475 4540 ἔχων,
499 4473 542 4524 ubi
560 4489 604 4524 nos
623 4475 724 4542 ἔχοντ’.
795 4480 851 4530 158.
871 4477 948 4528 Godd.
965 4475 1168 4540 {connubium
1184 4478 1309 4536 ὶδίωξιιι

170 4538 390 4600 ludembttautire
397 4548 498 4615 ponitur
505 4547 660 4616 olloatatis
670 4552 725 4618 qui·
760 4551 823 4616 xlv,
839 4557 879 4604 lt.
