3186 5310
234 406 303 460 mv
681 399 934 462 lN'l'RODUC'I'IO

234 572 315 639 quos
330 573 451 640 paucos
466 550 554 617 adire
568 552 617 616 vel
633 551 700 641 ipse
713 552 762 616 vel
778 575 836 641 per
847 553 968 616 amicos
984 574 1048 615 non
1059 550 1148 640 potui
1166 553 1231 639 (Pr.
1247 551 1292 618 M.
1307 553 1348 631 V,

238 680 266 721 r.
284 658 327 744 V,
349 659 394 743 α),
415 657 572 749 scriptura
590 658 630 725 ad
650 657 809 750 principes
831 658 987 723 editiones
1011 675 1158 723 accurate
1181 659 1349 738 recensita,

233 762 294 828 feci
311 780 346 828 ut
362 787 460 854 neruo
475 765 657 832 desiderare
680 783 800 854 posset.
823 764 943 831 Addidi
961 765 1151 831 Castalionis
1171 765 1350 831 versionem

233 868 398 936 metricam
415 871 523 937 multis
536 872 613 938 locis
626 873 839 954 emendatam,
857 889 889 936 et
906 871 962 936 ubi
982 895 1063 961 opus
1080 872 1151 958 fuit,
1174 854 1350 962 praesertim

233 994 370 1066 quatuor
382 977 502 1044 ultimis
515 979 603 1076 libris
614 978 755 1068 integris,
770 978 961 1071 suppletam.
979 979 1045 1044 Sub
1056 995 1144 1044 textu
1155 996 1188 1045 et
1199 979 1233 1044 in
1245 995 1351 1046 textus

233 1083 295 1149 fine
312 1101 404 1150 notas
416 1086 517 1175 adjeci
535 1087 649 1176 partim
668 1086 803 1165 criticas,
827 1085 943 1176 purtim
958 1085 1146 1175 exegeticus.
1166 1087 1348 1152 Secundum

231 1192 382 1257 volumen
398 1209 501 1258 totum
511 1193 644 1284 implent
655 1196 813 1260 Excursus
826 1208 961 1283 septem,
979 1192 1153 1281 inquibus,
1171 1217 1268 1283 quam
1282 1194 1351 1285 ple-

231 1296 360 1364 nissime
377 1300 477 1378 licuit,
493 1299 627 1367 disserui
644 1329 652 1366 z
669 1302 696 1367 l.
709 1300 750 1366 de
763 1299 893 1390 Sibyllin
904 1299 942 1370 iu
955 1322 1070 1389 genere
1080 1323 1116 1365 uc
1132 1300 1293 1390 praecipue
1307 1301 1349 1367 de

231 1405 376 1496 profanis
389 1407 530 1498 sibyllis,
548 1431 626 1498 quas
642 1407 687 1473 ibi
704 1431 815 1472 omnes
835 1407 948 1472 ordine
963 1430 1047 1471 novo
1066 1406 1225 1486 recensui,
1249 1409 1291 1473 ll.
1310 1409 1350 1474 de

231 1510 395 1603 Sibyllinis
411 1515 496 1604 apud
520 1517 648 1581 Graecos
667 1515 801 1604 gentiles
829 1513 978 1598 oraculis,
1008 1513 1181 1603 Erythraeis
1200 1514 1350 1579 videlicet

232 1619 376 1711 aliisque,
400 1645 537 1712 quorum
553 1620 697 1687 omniurn
716 1620 894 1710 fragmenta
918 1622 949 1685 iu
977 1620 1186 1711 appendicem
1207 1621 1348 1706 contuli3

231 1726 291 1790 Ill.
302 1726 343 1792 de
357 1726 521 1818 Sibyllinis
536 1728 621 1818 apud
636 1730 800 1793 Romanos
811 1727 960 1811 oraculis,
971 1725 1121 1792 Cumanis
1133 1727 1228 1816 vulgo
1241 1727 1347 1805 dictis,

229 1857 368 1924 quorum
384 1835 549 1900 historiam
564 1851 666 1900 totam
677 1835 817 1920 detexui,
830 1852 862 1900 et
876 1834 1068 1924 fragmenta,
1081 1858 1151 1923 quae
1165 1850 1349 1924 supersunt,

231 1965 270 2007 ex
286 1940 473 2031 Phlegontis
492 1940 693 2031 aliorumque
708 1940 784 2024 fide,
804 1941 990 2032 appendicis
1013 1941 1086 2011 loco
1111 1964 1221 2006 rursus
1243 1940 1348 2016 edidi3

176 2084 179 2093 ·
230 2049 288 2114 lV.
305 2048 346 2114 de
360 2048 524 2139 Sibyllinis
537 2049 624 2140 apud
636 2050 763 2114 Judaeos
782 2065 814 2113 et
836 2048 1034 2115 Christianos
1053 2047 1259 2130 carminibus,
1279 2072 1351 2140 quae

227 2155 350 2241 judaica
365 2171 439 2220 aute
454 2173 487 2221 et
500 2173 574 2247 post
591 2173 734 2222 nostram
751 2180 858 2234 aeram,
873 2155 1046 2222 christiana
1062 2181 1139 2222 vero
1153 2157 1264 2247 primis
1280 2180 1351 2221 serm

230 2279 347 2328 nostrae
363 2262 483 2328 saeoulis
499 2262 697 2328 circumferri
714 2281 889 2353 coepcrunt,
905 2286 977 2328 cum
999 2263 1176 2354 appendice
1198 2263 1239 2329 de
1261 2264 1351 2353 ipso·

230 2392 300 2460 rum
325 2369 400 2434 fatis
424 2393 484 2459 per
508 2387 612 2434 totum
640 2371 782 2434 medium
810 2394 930 2447 mrum,
952 2371 993 2432 V.
1013 2370 1054 2435 de
1076 2369 1239 2460 Sibyllinis
1262 2370 1349 2436 libris

230 2475 407 2558 hodiernis,
436 2476 544 2564 quales
572 2476 709 2564 vulgatis
735 2476 810 2542 edd.
842 2478 1052 2556 exhibentur,
1078 2479 1136 2544 Vl.
1157 2478 1198 2543 de
1216 2479 1348 2544 materia

195 2572 203 2579 ¹
229 2581 460 2672 Sibyllinorum
481 2582 646 2666 historica,
663 2583 889 2673 geographica,
916 2606 952 2649 ac
971 2585 1132 2675 praecipue
1149 2584 1346 2673 dogmatica,

229 2690 302 2754 vll.
327 2688 368 2754 de
392 2689 554 2780 graecitate
577 2704 609 2753 et
628 2689 762 2755 metrica
779 2688 946 2778 Sibyllina.
968 2691 1180 2757 Accesseruut
1195 2714 1302 2755 rerum
1317 2707 1349 2755 et

228 2797 400 2861 verborum
410 2794 530 2861 iudices
542 2796 766 2884 copiosissimi,
782 2796 946 2885 multoque
961 2797 1133 2886 ampliores
1145 2821 1240 2888 quum
1252 2820 1348 2886 quern

228 2906 269 2971 ad
283 2905 377 2993 hujus
389 2906 536 2970 secundae
547 2904 695 2970 editionis
709 2904 887 2970 institutum
900 2907 1046 2972 sufficere
1057 2907 1177 2996 putavi.
1189 2907 1346 2974 Volumen

228 3011 375 3078 ultimum
390 3027 559 3102 totumque
574 3035 654 3101 opus
673 3011 793 3076 claudit
810 3011 1054 3103 bibliographiae
1067 3012 1232 3102 Sibyllinoe
1250 3037 1347 3103 expo-

228 3117 301 3184 sitio
326 3142 385 3208 pro
403 3116 482 3182 meis
497 3117 630 3196 viribus,
652 3118 763 3207 quales
774 3135 850 3184 tunc
866 3137 970 3203 erant,
989 3121 1123 3208 diligens
1141 3136 1173 3185 et
1191 3122 1297 3210 plena.

274 3223 448 3314 Septimum
466 3224 640 3292 editionem
660 3224 783 3314 publici
798 3225 880 3311 juris
894 3225 981 3304 fecit,
993 3226 1119 3316 Lipsiae,
1141 3227 1236 3310 1855,
1257 3211 1343 3309 iii-8,

226 3331 564 3422 Iosephus-Henricus
582 3331 755 3411 Friedlieb,
774 3331 819 3396 vir
831 3332 946 3398 doctus
961 3350 994 3398 et
1005 3333 1153 3423 impiger,
1170 3333 1344 3423 praesertim

228 3440 260 3506 iu
271 3439 539 3529 recognoscendis
548 3438 704 3504 librorum
715 3440 907 3529 scriptorum
918 3441 1142 3530 editorumque
1156 3441 1347 3507 lectionibus

229 3547 499 3639 pertinacissimus
516 3545 710 3635 explorator,
728 3547 783 3633 qui
807 3546 947 3612 editione
960 3571 1044 3626 mea,
1061 3563 1137 3613 tunc
1152 3547 1234 3612 intra
1249 3549 1348 3614 libros

187 3723 189 3727 Α
228 3675 303 3720 octo
320 3654 478 3744 primores
503 3652 710 3730 consistente,
736 3676 801 3717 non
819 3669 942 3719 tantum
961 3655 1096 3719 fortasse
1110 3673 1263 3744 quantum
1277 3660 1348 3742 jure

226 3774 354 3851 poterat
369 3782 444 3824 usus
462 3775 522 3840 est,
540 3758 649 3847 idque,
666 3757 713 3822 uti
728 3779 802 3822 reor
816 3759 1035 3849 gratulorque,
1054 3759 1191 3826 honesto
1202 3785 1278 3850 erga
1293 3784 1347 3826 me

221 3867 357 3951 offici03
376 3882 514 3954 quatuor
537 3888 613 3929 vero
628 3865 758 3930 ultimos
777 3866 876 3931 libros
893 3865 1036 3932 nondum
1061 3883 1134 3932 ante
1153 3869 1258 3958 ipsum
1279 3868 1347 3933 edi·

227 3993 290 4058 tos,
315 3974 444 4053 eodem,
469 3996 533 4061 quo
548 3994 621 4061 ego,
640 3988 786 4062 tempore
798 3972 939 4038 Monacii
954 3976 1146 4040 Bavarorum
1159 3976 1347 4041 conferebat

228 4081 320 4173 ipse,
347 4080 544 4169 collatosque
561 4102 612 4144 me
634 4079 725 4168 prior
748 4079 861 4145 edidit.
886 4080 976 4145 Idem
1000 4081 1042 4147 ad
1064 4098 1187 4148 textum
1208 4105 1346 4172 graecum

226 4187 405 4255 versionem
431 4185 546 4274 adjecit
559 4187 773 4276 germanicam
787 4186 928 4251 numeris
943 4190 1116 4267 astrictam,
1140 4189 1181 4254 de
1193 4191 1283 4274 cujus
1297 4187 1348 4251 in·

226 4296 300 4363 dole
327 4293 453 4386 poetica
478 4316 543 4358 non
569 4315 679 4357 meum
695 4294 744 4357 e'st
765 4314 968 4380 cognoscere.
1000 4295 1166 4360 Variantes
1191 4294 1348 4361 lectiones

226 4427 350 4470 summa
369 4425 446 4467 cura
472 4400 601 4490 collegit
625 4401 710 4466 etin
738 4401 844 4491 operis
864 4401 973 4480 finem,
1006 4401 1100 4468 nimis
1117 4403 1193 4468 licet
1219 4403 1346 4469 incom-

227 4511 337 4594 mode,
358 4508 477 4598 rejecit.
499 4509 602 4574 Notus
625 4507 666 4573 de
684 4530 742 4573 suo
761 4507 865 4574 nullas
888 4508 1039 4598 protulit,
1063 4508 1117 4573 sed
1142 4509 1232 4598 initio
1256 4508 1345 4573 volu-
