3186 5310
346 1119 1242 1306 SIBYLLINORUM

494 1544 1091 1687 ORACULORUM
1169 1708 1174 1713 .

566 1947 717 2029 LIBER
745 1948 1012 2038 OCTAVUS.

757 2246 828 2262 μ

322 2509 499 2573 Venturam
511 2508 633 2572 mundo
646 2507 777 2573 indocili
793 2507 943 2574 divinitus
960 2509 1053 2595 iram,

322 2599 523 2705 Arsurosque
539 2616 694 2680 Tonantis
706 2613 739 2681 in
750 2613 861 2681 ultima
875 2615 966 2681 saecla
980 2615 1106 2681 furores

323 2725 516 2815 proloquor,
533 2725 754 2816 humanasque
766 2749 847 2791 cano
860 2726 928 2792 fera
939 2726 1003 2791 fata
1017 2749 1075 2815 per
1088 2725 1198 2792 urbes.

321 2832 368 2896 Ex
381 2855 446 2921 quo
460 2831 634 2922 procubuit
646 2832 755 2916 turris,
769 2833 957 2925 variumque
969 2849 1119 2900 sonantes

278 2939 296 3006 5
320 2942 492 3030 Coeperunt
506 2940 612 3030 spargi
627 2942 732 3007 subita
745 2940 778 3006 in
794 2941 977 3008 discrimina
993 2941 1121 3030 lingue,

322 3045 483 3136 Principio
494 3046 640 3138 AEgypti‚
659 3047 733 3113 dein
748 3051 918 3114 Persarum
933 3047 1042 3114 inclita
1053 3071 1165 3137 regna,

321 3155 494 3221 Medorum
510 3154 764 3244 AEthiopumque
780 3173 876 3246 atque
893 3154 1031 3245 Assyriae
1044 3154 1228 3246 Babylonis,

323 3262 401 3327 Inde
415 3261 614 3327 Macedoniae
631 3261 731 3328 fastus
743 3263 841 3328 effata
852 3263 1020 3352 superbos,

321 3367 435 3435 Mittor
446 3368 486 3434 ad
501 3368 598 3434 ltatiae
611 3370 761 3459 populos,
779 3370 839 3436 erit
851 3369 963 3436 ultima
975 3392 1113 3460 quorum

261 3499 300 3541 ro
323 3477 361 3540 In
375 3474 468 3540 terris
488 3474 573 3541 clara
590 3494 664 3542 ante
680 3501 792 3543 omnes
805 3493 837 3542 et
852 3476 960 3566 iniqua
971 3493 1133 3568 potestaa3

231 3644 323 3714 passim
336 3643 371 3695 ihi
384 3644 482 3695 canitur
495 3654 612 3712 tanquam
626 3646 708 3698 Rome
722 3647 810 3710 fatalis,
822 3664 868 3699 nee
882 3648 935 3698 sine
949 3648 1030 3709 laude,
1043 3647 1075 3699 ob
1090 3646 1154 3698 tanti
1163 3645 1283 3714 principis
1293 3645 1359 3714 inge·

231 3730 311 3795 nium,
326 3733 367 3791 5⁰,
383 3745 450 3795 aque
464 3733 504 3789 73,
523 3746 577 3797 sqq.
594 3731 630 3782 De
641 3732 741 3798 reliquis
748 3734 778 3783 ad
785 3733 849 3784 hanc
856 3743 951 3801 partem
958 3733 1124 3801 spectantibus
1131 3731 1216 3784 confer
1225 3731 1359 3784 Excunum

231 3824 343 3867 nocuum
354 3813 384 3874 V,
400 3829 454 3881 cap.
471 3818 496 3867 6.
512 3843 543 3852 -
561 3823 583 3876 t,
599 3832 653 3882 sqq.
672 3816 744 3867 Vates
765 3818 796 3868 de
812 3817 898 3885 priscis
913 3817 1024 3885 gentibus
1034 3827 1109 3882 atque
1122 3815 1201 3883 reguis
1223 3815 1291 3883 prius
1304 3832 1319 3866 ι
1334 3832 1360 3869 tc

232 3901 349 3970 prodicta
367 3901 470 3967 [nempe
488 3900 552 3950 libro
565 3900 606 3960 tlt,
621 3903 637 3967 S
650 3903 691 3968 2‚]
701 3903 786 3970 paucis
800 3902 908 3954 versibus
926 3903 1035 3954 resumit.
1045 3932 1077 3941 -
1086 3906 1110 3967 9,
1124 3917 1177 3969 sqq.
1194 3900 1292 3952 Transit
1305 3900 1362 3953 inde

231 3987 264 4038 ad
275 3984 392 4037 italorum
407 4000 448 4035 seu
463 3983 628 4035 Romanorum
648 3986 714 4051 iata,
730 4004 877 4055 praecessunt
888 4005 970 4040 serum
981 3988 1091 4055 quidem,
1104 3987 1145 4038 sed
1163 3984 1303 4038 inevitabile
1316 3985 1362 4038 Dei

230 4069 353 4139 judicium
366 4067 508 4134 debitasque
522 4068 603 4136 impiis
614 4085 706 4136 ponas.

267 4221 292 4271 2.
310 4217 380 4268 het.
395 4214 500 4284 ἔσχατον
513 4232 558 4284 pro
573 4217 690 4270 ὕστατον.
815 4223 932 4287 quosdam
941 4239 971 4272 ex
977 4220 1041 4272 libro
1050 4220 1084 4272 111
1095 4220 1231 4288 decerptos,
1240 4217 1363 4270 memoria

268 4299 292 4346 3.
311 4293 381 4344 Lact.
396 4294 600 4359 προφητιύσασα.
611 4293 664 4344 ctr.
678 4294 779 4363 Apocai.
815 4298 898 4364 lapsu,
910 4308 938 4348 ut
949 4297 1055 4350 videtur.

233 4371 403 4497 ”i21i'1iiri
410 4372 464 4501 iit,
480 4445 536 4496 tos.
849 4376 876 4500 is
891 4373 1196 4507 diaffitiiir'aidiiiqe
1212 4445 1277 4497 cast.
1295 4443 1361 4513 conj.

270 4525 295 4572 t.
314 4519 410 4570 Citttur
424 4518 466 4569 hic
479 4536 562 4572 versus
576 4537 591 4571 ι
604 4521 741 4591 Theophilo
755 4523 786 4573 ad
820 4538 870 4573 non
883 4524 956 4583 mala,
970 4525 1011 4575 sed
1022 4522 1114 4574 inutili.

237 4594 321 4662 Antei.
335 4593 383 4655 lib.
396 4593 430 4654 ii,
443 4609 500 4676 με.
519 4599 580 4673 ato,
593 4598 636 4653 ted
648 4599 714 4662 inter
725 4597 788 4660 alios
855 4603 895 4663 10,
913 4600 952 4652 Λιι
962 4599 1050 4662 melius
1062 4598 1170 4664 ὕπατον
1185 4595 1200 4661 ἢ
1216 4596 1301 4665 uuicti
