3186 5310
431 391 707 454 SIBYLLlNORUbl
728 391 800 452 LlB.
822 390 871 461 ΙΙΙ,
894 387 913 468 §
933 389 962 447 i.
1192 377 1254 438 l35

133 524 198 588 810
222 525 397 589 instantem
410 524 529 590 Graecis
543 524 662 612 ignem,
677 545 849 613 poenasque
862 535 987 609 paratas

223 632 372 694 Humano
386 631 508 719 generi,
524 630 622 695 divini
637 653 750 694 arcana
765 628 893 692 furoris.

223 738 263 798 Et
277 754 395 817 tamen,
411 754 447 801 ut
459 736 539 801 fictae
552 736 717 800 mentitam
733 734 861 799 nornine
876 731 991 823 gentis,

222 843 267 904 Ex
284 843 428 930 Erythris
442 861 549 907 natum
564 867 616 907 nie
629 841 750 906 Graecia
766 841 850 905 dicet
868 867 875 903 ε
893 836 984 903 atilli

221 947 311 1011 Circe
327 966 426 1013 matre
440 949 542 1014 ferent
556 966 588 1013 et
601 948 724 1012 Gnosto
738 964 840 1037 patre,
854 945 1008 1034 Sibyllam
1142 1033 1146 1040 .

133 1051 196 1116 815
221 1053 423 1136 Dementem‚
440 1054 563 1122 falsam.
580 1054 644 1120 Sed
657 1076 758 1143 quum
770 1049 922 1143 predicta
935 1064 1086 1137 sequetur

220 1157 374 1242 Eventus,
390 1184 460 1224 mes
474 1177 544 1225 tum
557 1161 701 1225 recolent
716 1160 837 1239 oracla,
852 1179 958 1246 neque
971 1153 1029 1220 ulli

220 1265 289 1327 iam
305 1290 432 1346 vesona,
447 1267 505 1331 Dei
520 1268 576 1332 sed
591 1284 678 1332 vates
692 1289 807 1355 magna
820 1265 974 1328 vocabor.

267 1373 356 1459 [lpse
374 1373 492 1459 etenim
513 1390 689 1437 monstrata
709 1371 787 1436 meis
800 1368 999 1461 genitoribus
1013 1365 1092 1430 olim

221 1477 351 1559 Omnia,
366 1502 437 1566 quse
453 1478 582 1561 fuerint,
598 1495 630 1544 et
645 1501 716 1566 qnae
729 1493 861 1556 yenture
874 1475 1049 1555 minentur,

62 1614 65 1620 ·
131 1582 196 1645 820
221 1584 293 1672 lpse
307 1584 386 1648 mibi
400 1585 551 1666 ostendit,
566 1584 723 1674 terrisque
737 1584 863 1649 edicere
874 1583 981 1668 jussit,

220 1691 455 1781 Praeteritisque
468 1693 560 1757 simul
576 1693 673 1757 rebus
685 1693 847 1779 rebusque
860 1687 976 1754 futuris

221 1797 375 1863 Mortales
388 1798 523 1887 implere
536 1799 671 1864 animos·
688 1797 773 1863 Nam
786 1812 854 1862 tota
868 1810 992 1859 nataret

221 1905 331 1986 Quum
344 1906 454 1986 tellus,
470 1930 616 1995 unusque
633 1904 799 1969 hominum
813 1904 854 1968 de
868 1903 965 1990 stirpe
980 1913 1123 1964 muneret

218 2011 339 2091 Justus,
355 2035 452 2100 quem
467 2036 524 2100 per
536 2035 634 2101 aquas
647 2012 732 2077 vexit
745 2012 862 2076 domus
876 2025 966 2073 eruta
981 2005 1077 2089 silvis,

129 2117 193 2184 825
218 2119 288 2181 Una
306 2117 480 2207 avibusque
495 2117 646 2207 ferisque,
663 2118 778 2183 iterum
792 2132 828 2181 ut
840 2128 1054 2180 succresceret
1065 2109 1173 2186 orbis3

220 2226 323 2310 Hujus
337 2248 397 2312 ego
418 2249 528 2304 nurus,
545 2225 640 2310 liujus
654 2248 741 2288 eram
757 2223 797 2286 de
811 2221 964 2309 sanguine
972 2218 1069 2306 justi,

217 2330 275 2395 Cui
289 2330 391 2419 prima
405 2330 602 2411 occiderunt,
618 2330 670 2396 cui
684 2345 758 2394 sunt
772 2345 947 2393 monstrata
962 2326 1081 2390 futura.

219 2437 379 2501 Hactenus
392 2459 470 2525 ergo
484 2436 563 2501 mihi
577 2459 651 2501 vera
666 2435 775 2500 omniu
789 2434 917 2524 prodite
931 2430 1054 2519 sunto]

128 2638 199 2689 nobis
215 2639 337 2705 judicibus
354 2639 494 2702 manifesta,
511 2650 628 2707 unquam
647 2640 730 2692 additu
749 2639 825 2691 serius
837 2656 853 2690 s
866 2638 1024 2706 compilstoro
1043 2635 1095 2688 sive
1111 2633 1254 2687 ordinstore

128 2722 312 2791 Sibyllinorum,
325 2741 373 2791 qus
387 2724 417 2774 de
432 2742 458 2776 re
473 2725 527 2776 vide
541 2727 605 2792 not]

125 2878 256 2929 effuderit:
269 2881 343 2930 immo
351 2881 470 2931 disemum
481 2881 581 2931 omnino
590 2897 671 2932 mons-
702 2880 837 2948 grnciutis,
846 2890 871 2931 et
879 2881 930 2946 jam
939 2877 1001 2931 inv.
1009 2877 1038 2931 Τ.
1050 2875 1181 2945 repetitur.
1190 2877 1249 2930 vult

125 2964 193 3004 trent
207 2955 298 3005 introd.
315 2957 346 3005 sd
358 2956 445 3023 Sibyll.
459 2966 485 3007 et
497 2958 672 3023 Argumentum
702 2973 759 3023 ergo
768 2956 964 3023 pseudo-Sibylla
977 2955 1064 3006 Noemi
1073 2963 1201 3020 cognatam
1214 2953 1247 3003 si·

126 3029 199 3096 hujus
212 3030 278 3080 libri.
701 3033 752 3082 mul
767 3041 791 3082 et
805 3048 895 3081 nurum
909 3048 934 3082 se
953 3031 1034 3080 luisse.
1051 3030 1080 3080 ln
1099 3045 1181 3079 versus
1197 3029 1246 3079 iius

160 3109 219 3157 sin.
238 3105 313 3155 Godd.
330 3108 443 3163 ιατεΙιξε
453 3125 458 3156 :
468 3124 532 3159 corr.
548 3111 605 3174 Ops,
620 3107 670 3158 cfr.
702 3107 773 3157 codd.
789 3123 873 3156 omnes
886 3116 973 3173 preter
983 3121 1069 3164 unum,
1078 3103 1178 3171 Ιτίχθην
1188 3122 1193 3152 :
1205 3105 1248 3155 sed

87 3243 92 3253 ι
126 3196 210 3246 supra,
222 3185 348 3247 162.sqq.,
359 3192 384 3231 et
398 3186 456 3244 287,
472 3200 523 3249 sqq.
700 3185 785 3233 endem
798 3183 902 3232 varietus
917 3181 1004 3248 possim
1018 3181 1044 3231 in
1058 3179 1146 3230 nostris
1159 3180 1250 3230 cumi·

160 3258 219 3306 821.
239 3255 275 3306 Ex
289 3257 402 3315 Homero,
412 3258 480 3308 llisd.
496 3278 521 3320 α,
534 3261 574 3318 to,
582 3267 608 3309 et
616 3275 671 3325 pss-
702 3258 774 3308 nibus
792 3257 914 3307 occurrit:
938 3256 1035 3306 viderur
1049 3264 1131 3305 sutem
1151 3255 1248 3321 elegan-

56 3341 61 3351 '
124 3329 181 3383 sim.
703 3333 761 3394 tius,
776 3343 841 3383 cene
852 3331 926 3398 mrgis
934 3331 1090 3398 sibyllinum,
1109 3329 1211 3397 Ιτύχθη,
1219 3338 1248 3382 ut

161 3408 219 3466 822,
234 3422 287 3473 sqq.
304 3407 354 3458 Cir.
366 3406 421 3472 vll,
439 3412 468 3469 ὃς
485 3409 524 3467 ΙΙ,
543 3412 606 3462 125:
624 3425 671 3458 nec
702 3408 805 3459 Pmoem.
822 3413 867 3470 163
882 3407 948 3466 vlu,
962 3410 1021 3467 itt,
1033 3416 1082 3458 etc.

124 3480 211 3532 omitte
222 3481 391 3533 Praelctionem
404 3485 526 3551 Anonymi
544 3486 575 3534 sd
588 3484 672 3534 lictum
736 3487 794 3535 828.
812 3483 879 3534 Finis
894 3482 936 3533 hic
948 3493 983 3533 est
997 3482 1099 3550 epilogi,
1116 3499 1159 3532 seu
1172 3481 1250 3548 pertis

125 3556 187 3607 illud
201 3556 297 3626 Sibyllae
308 3574 338 3608 en
351 3557 443 3610 licimo
454 3575 528 3626 genus
540 3559 670 3626 respicien·
702 3559 761 3610 huic
772 3559 866 3627 epilogo
884 3559 915 3609 sb
933 3558 1108 3626 interpolatore
1124 3558 1249 3625 subjecte,

126 3640 185 3685 tem
701 3634 732 3685 de
746 3652 794 3701 qus
808 3635 892 3686 noted
907 3650 930 3684 v.
945 3637 1003 3686 818.

160 3711 218 3762 826.
237 3711 328 3776 Νύμφη
337 3711 624 3778 ρῑονυόςΑΙοκειιάήιιω
634 3720 671 3761 cst
