3186 5310
237 430 293 489 m
560 429 820 491 ΣΙΒΥΛΛΙΑΚΩΝ
841 432 968 492 ΛΟΓΟΣ
988 431 1023 490 E.

395 557 522 643 Ᾰστατε
542 578 594 643 καὶ
613 571 794 666 κακόέουλε,
815 567 921 657 κακαῖς
940 577 1123 669 περικείμενε
1145 579 1278 668 κείραις,

344 671 431 772 Ᾱρχῆ
449 680 500 748 καὶ
517 682 669 774 καμάτοιο
690 685 741 751 καὶ
760 685 928 778 ἀνθρώποις
946 686 1026 778 μέγα
1043 687 1153 778 τέρμα,

341 791 559 881 Βλαπτομένης
578 790 706 868 κτίσιως
722 791 774 857 καὶ
791 785 964 882 σωζομένης
983 792 1059 857 πάλι
1079 790 1215 881 μοίραις,

237 895 302 961 κθο
341 877 417 983 Ῠθρι
438 908 554 981 κακῶν,
576 899 627 963 καὶ
648 907 750 987 πῆμα,
773 899 824 965 καὶ
847 898 1015 987 ἀνθρώποις
1033 900 1112 991 μέγα
1129 897 1248 986 τέρμα,

341 999 395 1078 Τίς
410 1027 442 1067 σε
458 1005 577 1094 βροτῶν
594 1003 742 1086 ε’πόθησις
764 1005 810 1081 τίς
829 997 947 1070 ἔνδοθεν
967 1010 1000 1071 οὐ
1019 1003 1216 1095 χαλεπαίνεις

346 1090 385 1170 Er
405 1109 452 1174 σοὶ
471 1109 515 1187 τίς
537 1111 677 1194 βασιλεὺς
695 1112 803 1202 σεμνὸν
821 1115 885 1195 βίον
906 1114 997 1177 ὤλεσε
1018 1110 1130 1203 ριρείςς

344 1211 456 1281 Πάντα
470 1227 570 1294 κακῶς
585 1208 740 1297 θιέθηκας,
760 1219 829 1283 ὅλον
848 1244 882 1284 τε
902 1218 995 1283 κακὸν
1015 1221 1216 1299 κατέκλυσας,

343 1321 406 1387 Καὶ
426 1313 479 1387 διὰ
494 1334 547 1389 σοῦ
564 1326 690 1414 κόσμοιο
710 1323 802 1389 καλαὶ
820 1327 935 1414 πτύχες
954 1322 1162 1415 ήλλάχθησαν.
1187 1379 1191 1389 .

242 1425 301 1493 235
343 1424 396 1503 Εἰς
411 1429 644 1522 ἔρινημετέρην,
667 1431 774 1520 τυχὸν,
801 1427 925 1496 άστατα
946 1441 1045 1496 ταῦτα
1066 1424 1258 1522 προθάλλου.

345 1532 417 1612 Πῶς
432 1527 466 1600 δὲ
476 1538 590 1628 λέγεις,
607 1536 707 1602 Πείσω
721 1561 765 1620 σε,
782 1540 844 1617 καὶ,
856 1535 895 1602 Εἴ
904 1538 936 1602 τί
952 1520 1206 1631 [μιθμέμρ[εαι],
1218 1520 1335 1629 [αὔδα]
1350 1561 1360 1620 3

343 1621 390 1704 έΙν
408 1647 477 1706 ποτ’
493 1644 522 1706 ἐν
540 1643 707 1736 ἀνθρώποις
725 1644 866 1735 λαμπρὸν
890 1647 980 1721 σέλας
998 1646 1125 1725 ἠελίοιο,

344 1747 545 1836 Σπειρομένης
561 1750 679 1826 ἀκτῖνος
695 1741 902 1840 θμοσπόνθοιο
919 1754 1109 1842 Προοητῶν·

338 1851 475 1919 ΙΓλῶσσα
488 1839 757 1949 [μελισταγίουσα]
774 1857 866 1922 καλὸν
883 1857 970 1946 πόμα
989 1861 1065 1922 πᾶσι
1081 1860 1216 1948 βροτοῖσι

236 1967 301 2040 240
340 1959 481 2052 φαίνετο,
498 1961 550 2028 καὶ
566 1956 740 2052 προίθαινι,
754 1962 805 2028 καὶ
821 1964 919 2053 ἡμέρα
936 1967 1028 2028 πᾶσιν
1046 1963 1160 2029 ἔτελλε.

341 2057 436 2133 Ταῦθ’
450 2069 548 2151 ἕνεκα,
571 2063 768 2150 στινόθοολε,
790 2077 890 2135 κακῶν
911 2069 1025 2163 άρχηγὲ
1042 2069 1206 2162 μεγίστων,

345 2173 408 2238 Καὶ
424 2176 525 2266 ῥαμρὴ
543 2175 594 2242 καὶ
611 2176 717 2252 πένθος
732 2178 883 2242 ἐλεύσεται
897 2175 995 2264 ἤματι
1009 2176 1108 2260 κείνῳ.

341 2266 429 2371 Ᾱρχη
446 2287 496 2346 καὶ
510 2284 660 2374 καμάτοιο
674 2283 726 2348 καὶ
740 2281 907 2376 ἀνθρώποις
929 2286 1007 2376 μέγα
1027 2285 1142 2373 τέρμα,

344 2386 563 2478 Βλαπτομένης
577 2387 701 2466 κτίσεως
717 2389 768 2454 καὶ
783 2382 954 2480 σωζομένης
969 2388 1044 2455 ποθι
1058 2388 1175 2480 μοίρης.

237 2489 301 2569 αέό
344 2492 440 2558 Κλῡθι
454 2499 563 2585 πικρᾶς
577 2498 679 2585 ράμης
696 2487 877 2586 θνσσηχέος,
897 2486 1024 2586 ἀνδράσι
1044 2505 1144 2584 πῆμα.

394 2587 474 2664 ‘AM’
489 2602 604 2667 ὁπόταν
623 2601 732 2692 Περσὶς
751 2608 814 2693 γαῖ’
834 2602 1002 2692 ἀπόσχοιτο
1023 2604 1206 2691 πτολέμοιο,

343 2711 460 2796 Λοιμοῦ
480 2731 527 2786 τε,
546 2717 698 2799 στοναχῆς
715 2733 761 2792 τε,
776 2709 844 2774 τότ’
859 2708 979 2774 ἔσσεται
997 2709 1096 2800 ἤματι
1116 2707 1201 2791 κείνῳ

341 2793 488 2876 θονθαίων
509 2813 654 2903 μακάρων
671 2814 746 2880 θεῖον
761 2815 846 2907 γένος
864 2816 1062 2905 οὐρανιῶνων,

341 2912 382 2981 Οἳ
396 2917 634 3006 περιναιετάουσι
653 2923 733 2986 Θεοῦ
749 2921 837 2988 πάλιν
853 2924 882 2986 ἐν
900 2922 1083 3014 μεσογαίοις.

238 3020 301 3088 250
342 3004 423 3114 Ᾰγρι
439 3015 474 3090 δὲ
488 3026 539 3091 καὶ
559 3014 650 3104 θόπης
668 3035 766 3117 τεῖχος
782 3028 861 3121 μέγα
878 3030 1100 3104 κυκλώσαντες,

343 3117 442 3218 Ῠθόά
456 3133 608 3224 άείρονται
627 3130 699 3226 άχρι
719 3135 770 3200 καὶ
787 3138 896 3225 κερέων
912 3127 1080 3225 ἐρεθεννῶν.

343 3242 454 3306 Οὐκέτι
474 3234 584 3332 συρίξει
599 3235 733 3333 σάλπιγξ
753 3241 975 3330 πολεμόκλονον
993 3239 1081 3331 ἦχον,

342 3338 418 3410 Οὐδ’
437 3349 680 3438 ἐπιμαινομέναις
697 3346 855 3438 παλάμαις
871 3345 976 3437 ἐχθροῦ
991 3337 1187 3414 θιολοῦνται·

346 3440 434 3517 Ᾰλλὰ
453 3437 684 3547 έπιστηθσουσι]
701 3461 802 3519 κακῶν
824 3452 907 3519 αἰῶνι
927 3453 1074 3543 τρόπαια.

238 3556 301 3622 255
397 3554 450 3635 Εἷς
469 3548 507 3623 δέ
518 3584 565 3635 τις
582 3559 703 3625 έσσεται
722 3556 804 3636 αὖθις
825 3560 878 3624 ἀπ’
900 3558 1013 3651 αἰθέρος
1032 3554 1138 3652 ἔξοχος
1158 3560 1247 3652 ἀνὴρ,

231 3805 264 3816 -
278 3783 337 3844 221,
351 3797 404 3848 sqq.
427 3781 572 3848 Imprecatio
585 3782 611 3831 in
625 3781 732 3833 Romam.
747 3811 777 3820 -
792 3785 850 3840 2⁴6,
865 3797 918 3847 sqq.
932 3781 988 3833 Post
999 3781 1130 3848 composita
1142 3781 1270 3832 Persarum
1281 3783 1358 3858 bellu,

228 3862 368 3916 Judoeorum
386 3883 443 3931 gens
461 3867 519 3917 felix
541 3875 565 3916 et
583 3875 668 3933 potens
680 3877 798 3932 resurget.
809 3896 841 3904 -
854 3867 974 3918 2⁵5·259.
989 3866 1085 3918 Messias
1097 3876 1158 3916 tunc
1171 3867 1356 3933 εοοεΙονεοίεῐ,

229 3945 293 3997 idem
306 3948 349 4013 qui
364 3950 431 4001 λειω
443 3961 468 4001 et
483 3951 566 4002 Josue.
581 3979 612 3986 -

265 4132 324 4181 227.
343 4130 420 4181 Antea
433 4150 479 4183 uos
491 4134 517 4184 in
531 4133 579 4184 fine
592 4135 720 4200 κηρσίρτο
731 4136 775 4193 κή-
840 4136 898 4185 231.
917 4133 993 4185 codd.
1017 4132 1128 4200 plerique
1146 4133 1235 4199 βροτός
1253 4132 1359 4196 hubent,

232 4223 294 4275 ραις,
310 4202 352 4256 fied
364 4205 446 4257 inutili
461 4208 568 4274 rnlsaque
580 4210 682 4259 medela.
807 4225 871 4259 unus
883 4211 990 4276 βροτῶν.
1299 4204 1302 4208 ’

264 4284 323 4333 229.
343 4281 419 4332 (odd.
438 4282 464 4332 in
491 4284 552 4347 fine,
576 4286 672 4352 μοίρης.
693 4284 778 4334 Simile
842 4288 900 4338 236.
920 4285 1155 4347 (1οόῶ.πεῖσόνμι,
1177 4284 1219 4332 καὶ
1239 4282 1263 4334 εί
1279 4287 1304 4336 τί
1326 4304 1356 4338 σε

230 4357 288 4407 satis
303 4358 368 4423 apud
379 4358 525 4423 Aristidem,
541 4362 608 4426 Πρὸς
625 4361 683 4416 τοὺς
697 4361 778 4409 αἰτιω·
810 4362 949 4425 μέμφομαι,
958 4361 1026 4410 αὐδῶ
1040 4377 1045 4408 ;
1064 4359 1150 4408 sedat
1164 4358 1233 4424 quasi
1247 4359 1358 4427 dialogus

232 4433 330 4496 μένους,
343 4433 388 4483 rub
394 4433 468 4484 finem
477 4452 482 4483 :
492 4437 520 4487 rt
529 4437 572 4500 μὲν
584 4437 627 4496 τῆς
636 4436 779 4499 σωζομένης
809 4435 912 4487 Romam
929 4435 995 4484 inter
1012 4444 1036 4484 et
1049 4434 1172 4497 sudum
1185 4444 1211 4484 ει
1222 4434 1305 4485 surim
1319 4452 1356 4487 εε-

234 4509 321 4574 ςιοίρας
337 4508 432 4574 εἴημεν.
810 4520 900 4576 quetur
912 4510 925 4559 J
928 4510 1001 4560 udw
1013 4526 1162 4576 responsum·
