<?xml version="1.0" encoding="UTF-8"?>
<!DOCTYPE html PUBLIC "-//W3C//DTD XHTML 1.0 Transitional//EN"
    "http://www.w3.org/TR/xhtml1/DTD/xhtml1-transitional.dtd">
<html xmlns="http://www.w3.org/1999/xhtml" xml:lang="en" lang="en">
 <head>
  <title>
</title>
<meta http-equiv="Content-Type" content="text/html;charset=utf-8" />
  <meta name='ocr-system' content='tesseract 3.04.00' />
  <meta name='ocr-capabilities' content='ocr_page ocr_carea ocr_par ocr_line ocrx_word'/>
</head>
<body>
  <div class='ocr_page' id='page_1' title='image "./oraculasibyllin00alexgoog/oraculasibyllin00alexgoog_0092.png"; bbox 0 0 3186 5310; ppageno 0'>
   <div class='ocr_carea' id='block_1_1' title="bbox 411 443 831 518">
    <p class='ocr_par' dir='ltr' id='par_1_1' title="bbox 411 443 831 518">
     <span class='ocr_line' id='line_1_1' title="bbox 411 443 831 518; baseline 0.007 -12"><span class='ocrx_word' id='word_1_1' title='bbox 411 443 693 518; x_wconf 78' lang='lat' dir='ltr'>SlBYLblNORUM</span> <span class='ocrx_word' id='word_1_2' title='bbox 714 446 786 510; x_wconf 75' lang='grc' dir='ltr'>ΗΒ.</span> <span class='ocrx_word' id='word_1_3' title='bbox 809 449 831 509; x_wconf 90' lang='lat' dir='ltr'>l.</span> 
     </span>
    </p>
   </div>
   <div class='ocr_carea' id='block_1_2' title="bbox 63 577 1136 4205">
    <p class='ocr_par' dir='ltr' id='par_1_2' title="bbox 149 577 1018 880">
     <span class='ocr_line' id='line_1_2' title="bbox 151 577 972 672; baseline 0.005 -30"><span class='ocrx_word' id='word_1_4' title='bbox 151 577 180 641; x_wconf 95' lang='grc' dir='ltr'>Ο</span> <span class='ocrx_word' id='word_1_5' title='bbox 193 577 343 668; x_wconf 84' lang='lat' dir='ltr'>Phrygia,</span> <span class='ocrx_word' id='word_1_6' title='bbox 359 578 476 643; x_wconf 83' lang='lat' dir='ltr'>exalto</span> <span class='ocrx_word' id='word_1_7' title='bbox 493 596 526 643; x_wconf 90' lang='lat' dir='ltr'>tu</span> <span class='ocrx_word' id='word_1_8' title='bbox 541 577 667 670; x_wconf 81' lang='lat' dir='ltr'>gurgite</span> <span class='ocrx_word' id='word_1_9' title='bbox 676 578 780 670; x_wconf 88' lang='lat' dir='ltr'>prima</span> <span class='ocrx_word' id='word_1_10' title='bbox 792 604 972 672; x_wconf 82' lang='lat' dir='ltr'>resurgens,</span> 
     </span>
     <span class='ocr_line' id='line_1_3' title="bbox 149 684 1018 779; baseline 0.008 -31"><span class='ocrx_word' id='word_1_11' title='bbox 149 684 199 749; x_wconf 86' lang='lat' dir='ltr'>Ad</span> <span class='ocrx_word' id='word_1_12' title='bbox 213 684 319 750; x_wconf 89' lang='lat' dir='ltr'>lucem</span> <span class='ocrx_word' id='word_1_13' title='bbox 333 709 482 775; x_wconf 90' lang='lat' dir='ltr'>erumpes</span> <span class='ocrx_word' id='word_1_14' title='bbox 499 710 507 749; x_wconf 76' lang='grc' dir='ltr'>ι</span> <span class='ocrx_word' id='word_1_15' title='bbox 523 687 692 753; x_wconf 89' lang='lat' dir='ltr'>hominum</span> <span class='ocrx_word' id='word_1_16' title='bbox 706 703 741 753; x_wconf 89' lang='lat' dir='ltr'>tu</span> <span class='ocrx_word' id='word_1_17' title='bbox 752 687 856 779; x_wconf 90' lang='lat' dir='ltr'>prima</span> <span class='ocrx_word' id='word_1_18' title='bbox 872 706 1018 755; x_wconf 89' lang='lat' dir='ltr'>renatum</span> 
     </span>
     <span class='ocr_line' id='line_1_4' title="bbox 152 793 929 880; baseline 0.008 -23"><span class='ocrx_word' id='word_1_19' title='bbox 152 793 274 858; x_wconf 83' lang='lat' dir='ltr'>Educes</span> <span class='ocrx_word' id='word_1_20' title='bbox 290 815 401 880; x_wconf 82' lang='lat' dir='ltr'>genus,</span> <span class='ocrx_word' id='word_1_21' title='bbox 419 811 451 858; x_wconf 90' lang='lat' dir='ltr'>et</span> <span class='ocrx_word' id='word_1_22' title='bbox 466 796 639 860; x_wconf 81' lang='lat' dir='ltr'>censebere</span> <span class='ocrx_word' id='word_1_23' title='bbox 654 795 793 860; x_wconf 83' lang='lat' dir='ltr'>maxima</span> <span class='ocrx_word' id='word_1_24' title='bbox 809 797 929 864; x_wconf 83' lang='lat' dir='ltr'>nutrix.</span> 
     </span>
    </p>

    <p class='ocr_par' dir='ltr' id='par_1_3' title="bbox 194 900 1136 996">
     <span class='ocr_line' id='line_1_5' title="bbox 194 900 1136 996; baseline 0.007 -31"><span class='ocrx_word' id='word_1_25' title='bbox 194 900 257 965; x_wconf 92' lang='lat' dir='ltr'>Sed</span> <span class='ocrx_word' id='word_1_26' title='bbox 274 917 444 991; x_wconf 86' lang='lat' dir='ltr'>postquam</span> <span class='ocrx_word' id='word_1_27' title='bbox 459 901 576 967; x_wconf 85' lang='lat' dir='ltr'>frustra</span> <span class='ocrx_word' id='word_1_28' title='bbox 587 902 711 969; x_wconf 88' lang='lat' dir='ltr'>monuit</span> <span class='ocrx_word' id='word_1_29' title='bbox 727 904 811 969; x_wconf 89' lang='lat' dir='ltr'>mala</span> <span class='ocrx_word' id='word_1_30' title='bbox 825 905 935 984; x_wconf 90' lang='lat' dir='ltr'>corda,</span> <span class='ocrx_word' id='word_1_31' title='bbox 951 929 1136 996; x_wconf 92' lang='lat' dir='ltr'>supremum</span> 
     </span>
    </p>

    <p class='ocr_par' dir='ltr' id='par_1_4' title="bbox 64 1007 1039 1100">
     <span class='ocr_line' id='line_1_6' title="bbox 64 1007 1039 1100; baseline 0.006 -27"><span class='ocrx_word' id='word_1_32' title='bbox 64 1027 124 1073; x_wconf 82' lang='lat'>200</span> <span class='ocrx_word' id='word_1_33' title='bbox 151 1007 257 1071; x_wconf 82' lang='lat' dir='ltr'>Astitit</span> <span class='ocrx_word' id='word_1_34' title='bbox 272 1024 346 1073; x_wconf 88' lang='lat' dir='ltr'>ante</span> <span class='ocrx_word' id='word_1_35' title='bbox 359 1009 469 1074; x_wconf 89' lang='lat' dir='ltr'>oculos</span> <span class='ocrx_word' id='word_1_36' title='bbox 481 1010 621 1087; x_wconf 90' lang='lat' dir='ltr'>Numen,</span> <span class='ocrx_word' id='word_1_37' title='bbox 631 1034 806 1100; x_wconf 89' lang='lat' dir='ltr'>rursusque</span> <span class='ocrx_word' id='word_1_38' title='bbox 818 1011 961 1076; x_wconf 89' lang='lat' dir='ltr'>locutum</span> <span class='ocrx_word' id='word_1_39' title='bbox 972 1030 1039 1079; x_wconf 87' lang='lat' dir='ltr'>est:</span> 
     </span>
    </p>

    <p class='ocr_par' dir='ltr' id='par_1_5' title="bbox 148 1115 1023 1529">
     <span class='ocr_line' id='line_1_7' title="bbox 192 1115 1023 1206; baseline 0.008 -28"><span class='ocrx_word' id='word_1_40' title='bbox 192 1115 348 1180; x_wconf 89' lang='lat' dir='ltr'>Jamnunc</span> <span class='ocrx_word' id='word_1_41' title='bbox 364 1133 490 1205; x_wconf 90' lang='lat' dir='ltr'>tempus</span> <span class='ocrx_word' id='word_1_42' title='bbox 502 1116 603 1194; x_wconf 86' lang='lat' dir='ltr'>adest,</span> <span class='ocrx_word' id='word_1_43' title='bbox 623 1141 687 1206; x_wconf 92' lang='lat' dir='ltr'>quo</span> <span class='ocrx_word' id='word_1_44' title='bbox 707 1117 784 1182; x_wconf 88' lang='lat' dir='ltr'>fiant</span> <span class='ocrx_word' id='word_1_45' title='bbox 801 1117 922 1202; x_wconf 90' lang='lat' dir='ltr'>omnia,</span> <span class='ocrx_word' id='word_1_46' title='bbox 940 1120 1023 1199; x_wconf 72' lang='lat' dir='ltr'>Noc,</span> 
     </span>
     <span class='ocr_line' id='line_1_8' title="bbox 151 1220 978 1312; baseline 0.006 -26"><span class='ocrx_word' id='word_1_47' title='bbox 151 1221 230 1304; x_wconf 81' lang='lat' dir='ltr'>Quae</span> <span class='ocrx_word' id='word_1_48' title='bbox 246 1220 306 1287; x_wconf 89' lang='lat' dir='ltr'>tibi</span> <span class='ocrx_word' id='word_1_49' title='bbox 319 1224 509 1312; x_wconf 88' lang='lat' dir='ltr'>promittens</span> <span class='ocrx_word' id='word_1_50' title='bbox 527 1224 603 1288; x_wconf 92' lang='lat' dir='ltr'>olim</span> <span class='ocrx_word' id='word_1_51' title='bbox 619 1242 752 1289; x_wconf 88' lang='lat' dir='ltr'>ventura</span> <span class='ocrx_word' id='word_1_52' title='bbox 768 1227 953 1290; x_wconf 89' lang='lat' dir='ltr'>monebam.</span> <span class='ocrx_word' id='word_1_53' title='bbox 971 1296 978 1302; x_wconf 57' lang='grc'><strong><em>,</em></strong></span> 
     </span>
     <span class='ocr_line' id='line_1_9' title="bbox 150 1328 910 1422; baseline 0.004 -28"><span class='ocrx_word' id='word_1_54' title='bbox 150 1328 266 1394; x_wconf 89' lang='lat' dir='ltr'>Omnia</span> <span class='ocrx_word' id='word_1_55' title='bbox 283 1354 353 1420; x_wconf 86' lang='lat' dir='ltr'>quae</span> <span class='ocrx_word' id='word_1_56' title='bbox 367 1330 498 1409; x_wconf 83' lang='lat' dir='ltr'>faciunt,</span> <span class='ocrx_word' id='word_1_57' title='bbox 517 1347 549 1395; x_wconf 88' lang='lat' dir='ltr'>et</span> <span class='ocrx_word' id='word_1_58' title='bbox 568 1354 639 1420; x_wconf 88' lang='lat' dir='ltr'>quae</span> <span class='ocrx_word' id='word_1_59' title='bbox 654 1331 758 1396; x_wconf 85' lang='lat' dir='ltr'>fecere</span> <span class='ocrx_word' id='word_1_60' title='bbox 775 1333 910 1422; x_wconf 86' lang='lat' dir='ltr'>priores,</span> 
     </span>
     <span class='ocr_line' id='line_1_10' title="bbox 148 1437 994 1529; baseline 0.005 -29"><span class='ocrx_word' id='word_1_61' title='bbox 148 1437 280 1502; x_wconf 90' lang='lat' dir='ltr'>Certum</span> <span class='ocrx_word' id='word_1_62' title='bbox 295 1454 344 1502; x_wconf 91' lang='lat' dir='ltr'>est</span> <span class='ocrx_word' id='word_1_63' title='bbox 357 1437 487 1503; x_wconf 88' lang='lat' dir='ltr'>indocili</span> <span class='ocrx_word' id='word_1_64' title='bbox 501 1438 661 1504; x_wconf 85' lang='lat' dir='ltr'>cumulata</span> <span class='ocrx_word' id='word_1_65' title='bbox 673 1439 849 1529; x_wconf 90' lang='lat' dir='ltr'>rependere</span> <span class='ocrx_word' id='word_1_66' title='bbox 861 1439 994 1504; x_wconf 92' lang='lat' dir='ltr'>mundo.</span> 
     </span>
    </p>

    <p class='ocr_par' dir='ltr' id='par_1_6' title="bbox 63 1541 936 1635">
     <span class='ocr_line' id='line_1_11' title="bbox 63 1541 936 1635; baseline 0.007 -29"><span class='ocrx_word' id='word_1_67' title='bbox 63 1544 126 1606; x_wconf 78' lang='lat'>205</span> <span class='ocrx_word' id='word_1_68' title='bbox 153 1541 216 1607; x_wconf 91' lang='lat' dir='ltr'>Sed</span> <span class='ocrx_word' id='word_1_69' title='bbox 227 1561 275 1623; x_wconf 89' lang='lat' dir='ltr'>tu,</span> <span class='ocrx_word' id='word_1_70' title='bbox 290 1568 362 1609; x_wconf 89' lang='lat' dir='ltr'>cum</span> <span class='ocrx_word' id='word_1_71' title='bbox 380 1546 462 1609; x_wconf 91' lang='lat' dir='ltr'>natis</span> <span class='ocrx_word' id='word_1_72' title='bbox 477 1562 509 1609; x_wconf 92' lang='lat' dir='ltr'>et</span> <span class='ocrx_word' id='word_1_73' title='bbox 523 1550 670 1635; x_wconf 90' lang='lat' dir='ltr'>conjuge,</span> <span class='ocrx_word' id='word_1_74' title='bbox 685 1547 832 1635; x_wconf 91' lang='lat' dir='ltr'>protinus</span> <span class='ocrx_word' id='word_1_75' title='bbox 843 1546 936 1624; x_wconf 88' lang='lat' dir='ltr'>intra,</span> 
     </span>
    </p>

    <p class='ocr_par' dir='ltr' id='par_1_7' title="bbox 152 1651 942 1742">
     <span class='ocr_line' id='line_1_12' title="bbox 152 1651 942 1742; baseline 0.005 -28"><span class='ocrx_word' id='word_1_76' title='bbox 152 1651 193 1714; x_wconf 88' lang='lat' dir='ltr'>Et</span> <span class='ocrx_word' id='word_1_77' title='bbox 209 1651 362 1728; x_wconf 82' lang='lat' dir='ltr'>nuribus;</span> <span class='ocrx_word' id='word_1_78' title='bbox 376 1675 514 1730; x_wconf 89' lang='lat' dir='ltr'>necnon,</span> <span class='ocrx_word' id='word_1_79' title='bbox 531 1675 584 1717; x_wconf 91' lang='lat' dir='ltr'>me</span> <span class='ocrx_word' id='word_1_80' title='bbox 599 1652 797 1742; x_wconf 83' lang='lat' dir='ltr'>designante,</span> <span class='ocrx_word' id='word_1_81' title='bbox 811 1653 942 1719; x_wconf 87' lang='lat' dir='ltr'>vocabis</span> 
     </span>
    </p>

    <p class='ocr_par' dir='ltr' id='par_1_8' title="bbox 152 1756 1097 2064">
     <span class='ocr_line' id='line_1_13' title="bbox 152 1756 1030 1851; baseline 0.007 -30"><span class='ocrx_word' id='word_1_82' title='bbox 152 1756 257 1823; x_wconf 90' lang='lat' dir='ltr'>Omne</span> <span class='ocrx_word' id='word_1_83' title='bbox 271 1781 369 1847; x_wconf 91' lang='lat' dir='ltr'>genus</span> <span class='ocrx_word' id='word_1_84' title='bbox 386 1759 558 1849; x_wconf 87' lang='lat' dir='ltr'>pecudum,</span> <span class='ocrx_word' id='word_1_85' title='bbox 574 1760 720 1826; x_wconf 84' lang='lat' dir='ltr'>volucres</span> <span class='ocrx_word' id='word_1_86' title='bbox 736 1760 882 1851; x_wconf 88' lang='lat' dir='ltr'>ipsasque</span> <span class='ocrx_word' id='word_1_87' title='bbox 899 1761 1030 1828; x_wconf 87' lang='lat' dir='ltr'>vocabis</span> 
     </span>
     <span class='ocr_line' id='line_1_14' title="bbox 152 1865 1095 1956; baseline 0.008 -29"><span class='ocrx_word' id='word_1_88' title='bbox 152 1865 320 1954; x_wconf 87' lang='lat' dir='ltr'>Serpentes</span> <span class='ocrx_word' id='word_1_89' title='bbox 337 1895 345 1931; x_wconf 70' lang='grc' dir='ltr'><strong>ε</strong></span> <span class='ocrx_word' id='word_1_90' title='bbox 362 1888 423 1953; x_wconf 90' lang='lat' dir='ltr'>ego</span> <span class='ocrx_word' id='word_1_91' title='bbox 440 1866 567 1947; x_wconf 89' lang='lat' dir='ltr'>deinde,</span> <span class='ocrx_word' id='word_1_92' title='bbox 585 1868 702 1956; x_wconf 87' lang='lat' dir='ltr'>quibus</span> <span class='ocrx_word' id='word_1_93' title='bbox 717 1867 803 1932; x_wconf 95' lang='lat' dir='ltr'>dabo</span> <span class='ocrx_word' id='word_1_94' title='bbox 819 1867 938 1952; x_wconf 87' lang='lat' dir='ltr'>vivere,</span> <span class='ocrx_word' id='word_1_95' title='bbox 956 1887 1095 1935; x_wconf 85' lang='lat' dir='ltr'>mentem</span> 
     </span>
     <span class='ocr_line' id='line_1_15' title="bbox 153 1971 1097 2064; baseline 0 -30"><span class='ocrx_word' id='word_1_96' title='bbox 153 1971 309 2059; x_wconf 88' lang='lat' dir='ltr'>lnjiciam‚</span> <span class='ocrx_word' id='word_1_97' title='bbox 328 1997 368 2036; x_wconf 93' lang='lat' dir='ltr'>ne</span> <span class='ocrx_word' id='word_1_98' title='bbox 383 1972 459 2061; x_wconf 93' lang='lat' dir='ltr'>quid</span> <span class='ocrx_word' id='word_1_99' title='bbox 471 1992 594 2039; x_wconf 84' lang='lat' dir='ltr'>cessent</span> <span class='ocrx_word' id='word_1_100' title='bbox 609 1997 723 2064; x_wconf 89' lang='lat' dir='ltr'>parere</span> <span class='ocrx_word' id='word_1_101' title='bbox 734 1974 872 2060; x_wconf 88' lang='lat' dir='ltr'>jubenti.</span> <span class='ocrx_word' id='word_1_102' title='bbox 1086 2007 1097 2034; x_wconf 65' lang='grc' dir='ltr'><strong>ι</strong></span> 
     </span>
    </p>

    <p class='ocr_par' dir='ltr' id='par_1_9' title="bbox 66 2079 990 2147">
     <span class='ocr_line' id='line_1_16' title="bbox 66 2079 990 2147; baseline 0.005 -6"><span class='ocrx_word' id='word_1_103' title='bbox 66 2099 129 2142; x_wconf 82' lang='lat' dir='ltr'>aso</span> <span class='ocrx_word' id='word_1_104' title='bbox 196 2079 248 2143; x_wconf 91' lang='lat' dir='ltr'>Sic</span> <span class='ocrx_word' id='word_1_105' title='bbox 268 2079 333 2144; x_wconf 88' lang='lat' dir='ltr'>ait:</span> <span class='ocrx_word' id='word_1_106' title='bbox 355 2079 408 2143; x_wconf 94' lang='lat' dir='ltr'>ille</span> <span class='ocrx_word' id='word_1_107' title='bbox 424 2097 533 2145; x_wconf 87' lang='lat' dir='ltr'>autem</span> <span class='ocrx_word' id='word_1_108' title='bbox 548 2080 722 2145; x_wconf 87' lang='lat' dir='ltr'>clamorem</span> <span class='ocrx_word' id='word_1_109' title='bbox 741 2081 868 2146; x_wconf 92' lang='lat' dir='ltr'>sustulit</span> <span class='ocrx_word' id='word_1_110' title='bbox 879 2081 990 2147; x_wconf 92' lang='lat' dir='ltr'>altum.</span> 
     </span>
    </p>

    <p class='ocr_par' dir='ltr' id='par_1_10' title="bbox 154 2186 934 2276">
     <span class='ocr_line' id='line_1_17' title="bbox 154 2186 934 2276; baseline 0.004 -28"><span class='ocrx_word' id='word_1_111' title='bbox 154 2186 286 2250; x_wconf 85' lang='lat' dir='ltr'>Intravit</span> <span class='ocrx_word' id='word_1_112' title='bbox 302 2189 418 2272; x_wconf 84' lang='lat' dir='ltr'>conjnx</span> <span class='ocrx_word' id='word_1_113' title='bbox 435 2186 592 2276; x_wconf 76' lang='lat' dir='ltr'>primum3</span> <span class='ocrx_word' id='word_1_114' title='bbox 612 2187 752 2276; x_wconf 86' lang='lat' dir='ltr'>natique,</span> <span class='ocrx_word' id='word_1_115' title='bbox 770 2211 934 2276; x_wconf 89' lang='lat' dir='ltr'>nurusque</span> 
     </span>
    </p>

    <p class='ocr_par' dir='ltr' id='par_1_11' title="bbox 155 2292 957 2490">
     <span class='ocr_line' id='line_1_18' title="bbox 155 2292 955 2380; baseline 0.004 -25"><span class='ocrx_word' id='word_1_116' title='bbox 155 2292 273 2380; x_wconf 84' lang='lat' dir='ltr'>Lignea</span> <span class='ocrx_word' id='word_1_117' title='bbox 287 2310 372 2359; x_wconf 88' lang='lat' dir='ltr'>tecta</span> <span class='ocrx_word' id='word_1_118' title='bbox 386 2295 502 2360; x_wconf 89' lang='lat' dir='ltr'>domus</span> <span class='ocrx_word' id='word_1_119' title='bbox 513 2293 697 2371; x_wconf 77' lang='lat' dir='ltr'>subierunt3</span> <span class='ocrx_word' id='word_1_120' title='bbox 717 2311 824 2359; x_wconf 88' lang='lat' dir='ltr'>cetera</span> <span class='ocrx_word' id='word_1_121' title='bbox 838 2293 955 2359; x_wconf 91' lang='lat' dir='ltr'>deinde</span> 
     </span>
     <span class='ocr_line' id='line_1_19' title="bbox 155 2399 957 2490; baseline 0.009 -27"><span class='ocrx_word' id='word_1_122' title='bbox 155 2399 284 2477; x_wconf 92' lang='lat' dir='ltr'>Omnia,</span> <span class='ocrx_word' id='word_1_123' title='bbox 303 2425 373 2490; x_wconf 88' lang='lat' dir='ltr'>quae</span> <span class='ocrx_word' id='word_1_124' title='bbox 387 2401 487 2467; x_wconf 87' lang='lat' dir='ltr'>voluit</span> <span class='ocrx_word' id='word_1_125' title='bbox 504 2403 592 2466; x_wconf 92' lang='lat' dir='ltr'>Deus</span> <span class='ocrx_word' id='word_1_126' title='bbox 608 2401 672 2465; x_wconf 90' lang='lat' dir='ltr'>alta</span> <span class='ocrx_word' id='word_1_127' title='bbox 687 2399 851 2466; x_wconf 89' lang='lat' dir='ltr'>includere</span> <span class='ocrx_word' id='word_1_128' title='bbox 863 2425 957 2470; x_wconf 81' lang='lat' dir='ltr'>nave.</span> 
     </span>
    </p>

    <p class='ocr_par' dir='ltr' id='par_1_12' title="bbox 200 2506 1008 2598">
     <span class='ocr_line' id='line_1_20' title="bbox 200 2506 1008 2598; baseline 0.004 -28"><span class='ocrx_word' id='word_1_129' title='bbox 200 2507 295 2586; x_wconf 89' lang='lat' dir='ltr'>Hinc,</span> <span class='ocrx_word' id='word_1_130' title='bbox 310 2509 365 2573; x_wconf 95' lang='lat' dir='ltr'>ubi</span> <span class='ocrx_word' id='word_1_131' title='bbox 376 2508 568 2573; x_wconf 86' lang='lat' dir='ltr'>conveniens</span> <span class='ocrx_word' id='word_1_132' title='bbox 581 2508 719 2573; x_wconf 86' lang='lat' dir='ltr'>firmavit</span> <span class='ocrx_word' id='word_1_133' title='bbox 732 2506 883 2598; x_wconf 90' lang='lat' dir='ltr'>opercula</span> <span class='ocrx_word' id='word_1_134' title='bbox 898 2508 1008 2591; x_wconf 86' lang='lat' dir='ltr'>clavis,</span> 
     </span>
    </p>

    <p class='ocr_par' dir='ltr' id='par_1_13' title="bbox 67 2612 1016 3133">
     <span class='ocr_line' id='line_1_21' title="bbox 67 2612 957 2705; baseline 0.003 -29"><span class='ocrx_word' id='word_1_135' title='bbox 67 2613 131 2677; x_wconf 78' lang='lat'>215</span> <span class='ocrx_word' id='word_1_136' title='bbox 155 2612 251 2681; x_wconf 87' lang='lat' dir='ltr'>Missa</span> <span class='ocrx_word' id='word_1_137' title='bbox 262 2638 321 2705; x_wconf 90' lang='lat' dir='ltr'>per</span> <span class='ocrx_word' id='word_1_138' title='bbox 333 2616 515 2705; x_wconf 88' lang='lat' dir='ltr'>obliquum,</span> <span class='ocrx_word' id='word_1_139' title='bbox 532 2640 594 2704; x_wconf 94' lang='lat' dir='ltr'>qua</span> <span class='ocrx_word' id='word_1_140' title='bbox 612 2615 703 2681; x_wconf 86' lang='lat' dir='ltr'>sedes</span> <span class='ocrx_word' id='word_1_141' title='bbox 717 2632 791 2705; x_wconf 86' lang='lat' dir='ltr'>apta</span> <span class='ocrx_word' id='word_1_142' title='bbox 809 2615 957 2693; x_wconf 88' lang='lat' dir='ltr'>dabatur,</span> 
     </span>
     <span class='ocr_line' id='line_1_22' title="bbox 157 2721 1016 2813; baseline 0.003 -28"><span class='ocrx_word' id='word_1_143' title='bbox 157 2722 241 2785; x_wconf 79' lang='lat' dir='ltr'>Tum</span> <span class='ocrx_word' id='word_1_144' title='bbox 255 2745 403 2811; x_wconf 89' lang='lat' dir='ltr'>suprema</span> <span class='ocrx_word' id='word_1_145' title='bbox 420 2721 479 2786; x_wconf 90' lang='lat' dir='ltr'>Dei</span> <span class='ocrx_word' id='word_1_146' title='bbox 487 2725 681 2812; x_wconf 86' lang='lat' dir='ltr'>jamjamque</span> <span class='ocrx_word' id='word_1_147' title='bbox 694 2722 857 2813; x_wconf 92' lang='lat' dir='ltr'>implenda</span> <span class='ocrx_word' id='word_1_148' title='bbox 870 2723 1016 2788; x_wconf 87' lang='lat' dir='ltr'>voluntas</span> 
     </span>
     <span class='ocr_line' id='line_1_23' title="bbox 158 2828 871 2917; baseline 0.006 -26"><span class='ocrx_word' id='word_1_149' title='bbox 158 2828 277 2892; x_wconf 82' lang='lat' dir='ltr'>Nubila</span> <span class='ocrx_word' id='word_1_150' title='bbox 294 2829 482 2914; x_wconf 82' lang='lat' dir='ltr'>condensat,</span> <span class='ocrx_word' id='word_1_151' title='bbox 496 2829 598 2894; x_wconf 91' lang='lat' dir='ltr'>solem</span> <span class='ocrx_word' id='word_1_152' title='bbox 615 2829 747 2917; x_wconf 85' lang='lat' dir='ltr'>caligine</span> <span class='ocrx_word' id='word_1_153' title='bbox 761 2828 871 2895; x_wconf 89' lang='lat' dir='ltr'>condit</span> 
     </span>
     <span class='ocr_line' id='line_1_24' title="bbox 157 2935 976 3025; baseline 0.005 -28"><span class='ocrx_word' id='word_1_154' title='bbox 157 2935 324 3016; x_wconf 89' lang='lat' dir='ltr'>Horribili,</span> <span class='ocrx_word' id='word_1_155' title='bbox 345 2953 378 3000; x_wconf 94' lang='lat' dir='ltr'>et</span> <span class='ocrx_word' id='word_1_156' title='bbox 394 2937 517 3014; x_wconf 85' lang='lat' dir='ltr'>lunam,</span> <span class='ocrx_word' id='word_1_157' title='bbox 536 2936 655 3014; x_wconf 90' lang='lat' dir='ltr'>stellas,</span> <span class='ocrx_word' id='word_1_158' title='bbox 675 2935 805 3025; x_wconf 84' lang='lat' dir='ltr'>caelique</span> <span class='ocrx_word' id='word_1_159' title='bbox 821 2960 976 3002; x_wconf 90' lang='lat' dir='ltr'>coronam</span> 
     </span>
     <span class='ocr_line' id='line_1_25' title="bbox 157 3042 958 3133; baseline 0.002 -28"><span class='ocrx_word' id='word_1_160' title='bbox 157 3042 340 3107; x_wconf 87' lang='lat' dir='ltr'>Obvolvens</span> <span class='ocrx_word' id='word_1_161' title='bbox 356 3045 509 3127; x_wconf 88' lang='lat' dir='ltr'>tenebris,</span> <span class='ocrx_word' id='word_1_162' title='bbox 526 3044 675 3108; x_wconf 88' lang='lat' dir='ltr'>mortalia</span> <span class='ocrx_word' id='word_1_163' title='bbox 687 3060 818 3133; x_wconf 89' lang='lat' dir='ltr'>pectora</span> <span class='ocrx_word' id='word_1_164' title='bbox 836 3045 958 3109; x_wconf 92' lang='lat' dir='ltr'>turbat.</span> 
     </span>
    </p>

    <p class='ocr_par' dir='ltr' id='par_1_14' title="bbox 68 3149 1010 3668">
     <span class='ocr_line' id='line_1_26' title="bbox 68 3149 991 3239; baseline 0.004 -29"><span class='ocrx_word' id='word_1_165' title='bbox 68 3169 134 3214; x_wconf 81' lang='lat'>220</span> <span class='ocrx_word' id='word_1_166' title='bbox 160 3150 336 3216; x_wconf 84' lang='lat' dir='ltr'>Verruntur</span> <span class='ocrx_word' id='word_1_167' title='bbox 350 3152 417 3215; x_wconf 91' lang='lat' dir='ltr'>sola</span> <span class='ocrx_word' id='word_1_168' title='bbox 432 3149 614 3216; x_wconf 90' lang='lat' dir='ltr'>turbinibus</span> <span class='ocrx_word' id='word_1_169' title='bbox 629 3171 639 3218; x_wconf 73' lang='grc' dir='ltr'><strong>ι</strong></span> <span class='ocrx_word' id='word_1_170' title='bbox 654 3149 731 3215; x_wconf 86' lang='lat' dir='ltr'>llant</span> <span class='ocrx_word' id='word_1_171' title='bbox 747 3149 890 3239; x_wconf 91' lang='lat' dir='ltr'>undique</span> <span class='ocrx_word' id='word_1_172' title='bbox 905 3153 991 3217; x_wconf 88' lang='lat' dir='ltr'>venti</span> 
     </span>
     <span class='ocr_line' id='line_1_27' title="bbox 157 3256 979 3346; baseline 0 -25"><span class='ocrx_word' id='word_1_173' title='bbox 157 3258 299 3322; x_wconf 89' lang='lat' dir='ltr'>Collecta</span> <span class='ocrx_word' id='word_1_174' title='bbox 313 3256 345 3322; x_wconf 89' lang='lat' dir='ltr'>in</span> <span class='ocrx_word' id='word_1_175' title='bbox 364 3257 505 3323; x_wconf 92' lang='lat' dir='ltr'>medium</span> <span class='ocrx_word' id='word_1_176' title='bbox 523 3256 629 3333; x_wconf 79' lang='lat' dir='ltr'>rabie3</span> <span class='ocrx_word' id='word_1_177' title='bbox 649 3258 815 3322; x_wconf 89' lang='lat' dir='ltr'>solvuntur</span> <span class='ocrx_word' id='word_1_178' title='bbox 826 3281 979 3346; x_wconf 89' lang='lat' dir='ltr'>aquarum</span> 
     </span>
     <span class='ocr_line' id='line_1_28' title="bbox 159 3363 1010 3455; baseline 0.004 -27"><span class='ocrx_word' id='word_1_179' title='bbox 159 3366 255 3429; x_wconf 85' lang='lat' dir='ltr'>Venae</span> <span class='ocrx_word' id='word_1_180' title='bbox 268 3389 396 3442; x_wconf 87' lang='lat' dir='ltr'>omnes;</span> <span class='ocrx_word' id='word_1_181' title='bbox 413 3363 532 3455; x_wconf 92' lang='lat' dir='ltr'>rumpit</span> <span class='ocrx_word' id='word_1_182' title='bbox 547 3365 640 3453; x_wconf 93' lang='lat' dir='ltr'>polus</span> <span class='ocrx_word' id='word_1_183' title='bbox 653 3365 807 3429; x_wconf 87' lang='lat' dir='ltr'>immanes</span> <span class='ocrx_word' id='word_1_184' title='bbox 821 3379 1010 3450; x_wconf 83' lang='lat' dir='ltr'>cataractas,</span> 
     </span>
     <span class='ocr_line' id='line_1_29' title="bbox 161 3470 987 3562; baseline 0.004 -27"><span class='ocrx_word' id='word_1_185' title='bbox 161 3474 200 3536; x_wconf 88' lang='lat' dir='ltr'>Et</span> <span class='ocrx_word' id='word_1_186' title='bbox 217 3496 427 3562; x_wconf 82' lang='lat' dir='ltr'>quaecumque</span> <span class='ocrx_word' id='word_1_187' title='bbox 444 3473 545 3538; x_wconf 89' lang='lat' dir='ltr'>latent</span> <span class='ocrx_word' id='word_1_188' title='bbox 560 3487 652 3536; x_wconf 85' lang='lat' dir='ltr'>terrae</span> <span class='ocrx_word' id='word_1_189' title='bbox 668 3470 874 3537; x_wconf 88' lang='lat' dir='ltr'>interioribus</span> <span class='ocrx_word' id='word_1_190' title='bbox 888 3474 987 3538; x_wconf 90' lang='lat' dir='ltr'>antris</span> 
     </span>
     <span class='ocr_line' id='line_1_30' title="bbox 160 3578 979 3668; baseline 0.001 -25"><span class='ocrx_word' id='word_1_191' title='bbox 160 3580 247 3645; x_wconf 87' lang='lat' dir='ltr'>Mille</span> <span class='ocrx_word' id='word_1_192' title='bbox 260 3579 377 3645; x_wconf 79' lang='lat' dir='ltr'>fluenta</span> <span class='ocrx_word' id='word_1_193' title='bbox 389 3596 486 3645; x_wconf 88' lang='lat' dir='ltr'>ruunt</span> <span class='ocrx_word' id='word_1_194' title='bbox 504 3606 511 3643; x_wconf 92' lang='lat'>:</span> <span class='ocrx_word' id='word_1_195' title='bbox 531 3579 689 3643; x_wconf 89' lang='lat' dir='ltr'>immenso</span> <span class='ocrx_word' id='word_1_196' title='bbox 701 3578 827 3668; x_wconf 88' lang='lat' dir='ltr'>gurgite</span> <span class='ocrx_word' id='word_1_197' title='bbox 841 3578 979 3645; x_wconf 91' lang='lat' dir='ltr'>mundus</span> 
     </span>
    </p>

    <p class='ocr_par' dir='ltr' id='par_1_15' title="bbox 71 3684 993 4205">
     <span class='ocr_line' id='line_1_31' title="bbox 71 3684 879 3767; baseline -0.001 -15"><span class='ocrx_word' id='word_1_198' title='bbox 71 3689 134 3752; x_wconf 72' lang='lat'>225</span> <span class='ocrx_word' id='word_1_199' title='bbox 160 3689 329 3753; x_wconf 84' lang='lat' dir='ltr'>Obruitur.</span> <span class='ocrx_word' id='word_1_200' title='bbox 343 3689 467 3752; x_wconf 90' lang='lat' dir='ltr'>Domus</span> <span class='ocrx_word' id='word_1_201' title='bbox 480 3686 598 3752; x_wconf 89' lang='lat' dir='ltr'>interea</span> <span class='ocrx_word' id='word_1_202' title='bbox 614 3684 721 3750; x_wconf 85' lang='lat' dir='ltr'>divina</span> <span class='ocrx_word' id='word_1_203' title='bbox 735 3687 879 3767; x_wconf 89' lang='lat' dir='ltr'>natabat,</span> 
     </span>
     <span class='ocr_line' id='line_1_32' title="bbox 160 3792 956 3884; baseline 0.001 -26"><span class='ocrx_word' id='word_1_204' title='bbox 160 3795 325 3877; x_wconf 73' lang='lat' dir='ltr'>Fluctibus</span> <span class='ocrx_word' id='word_1_205' title='bbox 339 3811 371 3859; x_wconf 93' lang='lat' dir='ltr'>et</span> <span class='ocrx_word' id='word_1_206' title='bbox 386 3793 489 3859; x_wconf 87' lang='lat' dir='ltr'>ventis</span> <span class='ocrx_word' id='word_1_207' title='bbox 504 3792 718 3881; x_wconf 86' lang='lat' dir='ltr'>circumsona,</span> <span class='ocrx_word' id='word_1_208' title='bbox 736 3792 956 3884; x_wconf 87' lang='lat' dir='ltr'>terribilesque</span> 
     </span>
     <span class='ocr_line' id='line_1_33' title="bbox 160 3900 988 3992; baseline 0.002 -27"><span class='ocrx_word' id='word_1_209' title='bbox 160 3901 326 3966; x_wconf 90' lang='lat' dir='ltr'>Undarum</span> <span class='ocrx_word' id='word_1_210' title='bbox 338 3900 520 3966; x_wconf 89' lang='lat' dir='ltr'>venientum</span> <span class='ocrx_word' id='word_1_211' title='bbox 538 3900 620 3966; x_wconf 88' lang='lat' dir='ltr'>ictus</span> <span class='ocrx_word' id='word_1_212' title='bbox 631 3900 707 3967; x_wconf 91' lang='lat' dir='ltr'>hinc</span> <span class='ocrx_word' id='word_1_213' title='bbox 718 3924 845 3992; x_wconf 90' lang='lat' dir='ltr'>semper</span> <span class='ocrx_word' id='word_1_214' title='bbox 856 3918 889 3966; x_wconf 91' lang='lat' dir='ltr'>et</span> <span class='ocrx_word' id='word_1_215' title='bbox 900 3901 988 3967; x_wconf 90' lang='lat' dir='ltr'>illino</span> 
     </span>
     <span class='ocr_line' id='line_1_34' title="bbox 163 4007 922 4098; baseline -0.001 -26"><span class='ocrx_word' id='word_1_216' title='bbox 163 4010 314 4074; x_wconf 85' lang='lat' dir='ltr'>Fortibus</span> <span class='ocrx_word' id='word_1_217' title='bbox 327 4008 488 4098; x_wconf 81' lang='lat' dir='ltr'>excipiens</span> <span class='ocrx_word' id='word_1_218' title='bbox 505 4007 602 4074; x_wconf 88' lang='lat' dir='ltr'>costis</span> <span class='ocrx_word' id='word_1_219' title='bbox 619 4008 782 4098; x_wconf 90' lang='lat' dir='ltr'>habilique</span> <span class='ocrx_word' id='word_1_220' title='bbox 801 4007 922 4091; x_wconf 86' lang='lat' dir='ltr'>carina,</span> 
     </span>
     <span class='ocr_line' id='line_1_35' title="bbox 161 4116 993 4205; baseline 0.002 -25"><span class='ocrx_word' id='word_1_221' title='bbox 161 4117 369 4205; x_wconf 89' lang='lat' dir='ltr'>Spumantem</span> <span class='ocrx_word' id='word_1_222' title='bbox 388 4138 487 4181; x_wconf 90' lang='lat' dir='ltr'>rauco</span> <span class='ocrx_word' id='word_1_223' title='bbox 504 4116 647 4182; x_wconf 87' lang='lat' dir='ltr'>sulcabat</span> <span class='ocrx_word' id='word_1_224' title='bbox 663 4138 827 4180; x_wconf 90' lang='lat' dir='ltr'>murmure</span> <span class='ocrx_word' id='word_1_225' title='bbox 845 4131 993 4204; x_wconf 83' lang='lat' dir='ltr'>pontum.</span> 
     </span>
    </p>
   </div>
   <div class='ocr_carea' id='block_1_3' title="bbox 73 4273 1197 4644">
    <p class='ocr_par' dir='ltr' id='par_1_16' title="bbox 73 4273 1195 4415">
     <span class='ocr_line' id='line_1_36' title="bbox 107 4273 1195 4343; baseline 0.001 -17"><span class='ocrx_word' id='word_1_226' title='bbox 107 4277 165 4326; x_wconf 77' lang='lat' dir='ltr'>tta.</span> <span class='ocrx_word' id='word_1_227' title='bbox 185 4275 261 4325; x_wconf 85' lang='lat' dir='ltr'>Codd.</span> <span class='ocrx_word' id='word_1_228' title='bbox 273 4275 343 4337; x_wconf 77' lang='grc' dir='ltr'><strong>ἤθελε</strong></span> <span class='ocrx_word' id='word_1_229' title='bbox 351 4276 430 4343; x_wconf 66' lang='lat' dir='ltr'>delict</span> <span class='ocrx_word' id='word_1_230' title='bbox 438 4276 476 4326; x_wconf 83' lang='lat' dir='ltr'>vel</span> <span class='ocrx_word' id='word_1_231' title='bbox 485 4277 566 4342; x_wconf 76' lang='grc' dir='ltr'>ρίξαιι</span> <span class='ocrx_word' id='word_1_232' title='bbox 576 4292 619 4325; x_wconf 88' lang='lat' dir='ltr'>uos</span> <span class='ocrx_word' id='word_1_233' title='bbox 650 4275 762 4326; x_wconf 84' lang='lat' dir='ltr'>lectionis</span> <span class='ocrx_word' id='word_1_234' title='bbox 780 4291 809 4324; x_wconf 80' lang='lat' dir='ltr'>ex</span> <span class='ocrx_word' id='word_1_235' title='bbox 822 4273 924 4335; x_wconf 84' lang='lat' dir='ltr'>Genesi,</span> <span class='ocrx_word' id='word_1_236' title='bbox 938 4290 992 4341; x_wconf 86' lang='lat' dir='ltr'>cap.</span> <span class='ocrx_word' id='word_1_237' title='bbox 1009 4277 1035 4333; x_wconf 83' lang='grc'>6,</span> <span class='ocrx_word' id='word_1_238' title='bbox 1049 4291 1071 4324; x_wconf 80' lang='lat' dir='ltr'>v.</span> <span class='ocrx_word' id='word_1_239' title='bbox 1090 4277 1128 4334; x_wconf 80' lang='lat' dir='ltr'>tt,</span> <span class='ocrx_word' id='word_1_240' title='bbox 1153 4276 1195 4327; x_wconf 91' lang='lat' dir='ltr'>nbi</span> 
     </span>
     <span class='ocr_line' id='line_1_37' title="bbox 73 4352 857 4415; baseline -0.003 -13"><span class='ocrx_word' id='word_1_241' title='bbox 73 4367 140 4404; x_wconf 81' lang='lat' dir='ltr'>corr.</span> <span class='ocrx_word' id='word_1_242' title='bbox 650 4362 686 4401; x_wconf 82' lang='lat' dir='ltr'>est</span> <span class='ocrx_word' id='word_1_243' title='bbox 698 4353 726 4402; x_wconf 75' lang='grc' dir='ltr'>ἐκ</span> <span class='ocrx_word' id='word_1_244' title='bbox 739 4352 857 4415; x_wconf 73' lang='grc' dir='ltr'><strong>πλαγίων.</strong></span> 
     </span>
    </p>

    <p class='ocr_par' dir='ltr' id='par_1_17' title="bbox 74 4426 1197 4644">
     <span class='ocr_line' id='line_1_38' title="bbox 107 4426 1094 4496; baseline -0.003 -18"><span class='ocrx_word' id='word_1_245' title='bbox 107 4430 166 4479; x_wconf 81' lang='lat'>215.</span> <span class='ocrx_word' id='word_1_246' title='bbox 186 4430 263 4478; x_wconf 80' lang='lat' dir='ltr'>codd.</span> <span class='ocrx_word' id='word_1_247' title='bbox 280 4429 390 4496; x_wconf 81' lang='lat' dir='ltr'>plerique</span> <span class='ocrx_word' id='word_1_248' title='bbox 407 4431 562 4490; x_wconf 67' lang='lat' dir='ltr'>etantiqua,</span> <span class='ocrx_word' id='word_1_249' title='bbox 578 4427 619 4477; x_wconf 88' lang='lat' dir='ltr'>alii</span> <span class='ocrx_word' id='word_1_250' title='bbox 685 4431 742 4480; x_wconf 76' lang='grc'>216.</span> <span class='ocrx_word' id='word_1_251' title='bbox 762 4427 829 4477; x_wconf 81' lang='lat' dir='ltr'>Finis</span> <span class='ocrx_word' id='word_1_252' title='bbox 843 4435 926 4493; x_wconf 85' lang='lat' dir='ltr'>aperte</span> <span class='ocrx_word' id='word_1_253' title='bbox 937 4443 966 4477; x_wconf 85' lang='lat' dir='ltr'>ex</span> <span class='ocrx_word' id='word_1_254' title='bbox 981 4426 1094 4476; x_wconf 84' lang='lat' dir='ltr'>Homero.</span> 
     </span>
     <span class='ocr_line' id='line_1_39' title="bbox 74 4501 1197 4573; baseline -0.001 -18"><span class='ocrx_word' id='word_1_255' title='bbox 74 4505 176 4573; x_wconf 82' lang='lat' dir='ltr'>pessime</span> <span class='ocrx_word' id='word_1_256' title='bbox 187 4506 222 4560; x_wconf 76' lang='grc' dir='ltr'>εἰς</span> <span class='ocrx_word' id='word_1_257' title='bbox 232 4507 319 4556; x_wconf 72' lang='grc' dir='ltr'>πλάσιν</span> <span class='ocrx_word' id='word_1_258' title='bbox 337 4523 342 4554; x_wconf 90' lang='lat'>:</span> <span class='ocrx_word' id='word_1_259' title='bbox 362 4522 454 4555; x_wconf 70' lang='lat' dir='ltr'>corr-ex.</span> <span class='ocrx_word' id='word_1_260' title='bbox 471 4520 524 4565; x_wconf 84' lang='lat' dir='ltr'>nos,</span> <span class='ocrx_word' id='word_1_261' title='bbox 548 4503 619 4553; x_wconf 83' lang='lat' dir='ltr'>metri</span> <span class='ocrx_word' id='word_1_262' title='bbox 687 4507 744 4554; x_wconf 76' lang='grc'>229,</span> <span class='ocrx_word' id='word_1_263' title='bbox 765 4502 840 4552; x_wconf 80' lang='lat' dir='ltr'>codd.</span> <span class='ocrx_word' id='word_1_264' title='bbox 857 4503 957 4568; x_wconf 78' lang='grc' dir='ltr'><strong>στείρα,</strong></span> <span class='ocrx_word' id='word_1_265' title='bbox 978 4501 1048 4551; x_wconf 87' lang='lat' dir='ltr'>etsie</span> <span class='ocrx_word' id='word_1_266' title='bbox 1063 4517 1106 4550; x_wconf 87' lang='lat' dir='ltr'>nos</span> <span class='ocrx_word' id='word_1_267' title='bbox 1120 4502 1197 4554; x_wconf 85' lang='lat' dir='ltr'>olim:</span> 
     </span>
     <span class='ocr_line' id='line_1_40' title="bbox 74 4576 1197 4644; baseline -0.004 -12"><span class='ocrx_word' id='word_1_268' title='bbox 74 4595 157 4644; x_wconf 75' lang='lat' dir='ltr'>eattae,</span> <span class='ocrx_word' id='word_1_269' title='bbox 171 4582 234 4632; x_wconf 86' lang='lat' dir='ltr'>duce</span> <span class='ocrx_word' id='word_1_270' title='bbox 245 4581 368 4632; x_wconf 86' lang='lat' dir='ltr'>Tumebo.</span> <span class='ocrx_word' id='word_1_271' title='bbox 384 4581 449 4632; x_wconf 76' lang='lat' dir='ltr'>Fons</span> <span class='ocrx_word' id='word_1_272' title='bbox 465 4591 546 4632; x_wconf 87' lang='lat' dir='ltr'>autem</span> <span class='ocrx_word' id='word_1_273' title='bbox 558 4597 619 4630; x_wconf 76' lang='lat' dir='ltr'>verae</span> <span class='ocrx_word' id='word_1_274' title='bbox 652 4580 699 4630; x_wconf 83' lang='lat' dir='ltr'>Sed</span> <span class='ocrx_word' id='word_1_275' title='bbox 714 4579 832 4630; x_wconf 82' lang='lat' dir='ltr'>medelam</span> <span class='ocrx_word' id='word_1_276' title='bbox 843 4578 917 4629; x_wconf 77' lang='lat' dir='ltr'>sitasit</span> <span class='ocrx_word' id='word_1_277' title='bbox 928 4577 1095 4628; x_wconf 78' lang='lat' dir='ltr'>Bnissouadius</span> <span class='ocrx_word' id='word_1_278' title='bbox 1105 4593 1135 4628; x_wconf 83' lang='lat' dir='ltr'>ex</span> <span class='ocrx_word' id='word_1_279' title='bbox 1147 4576 1197 4627; x_wconf 85' lang='lat' dir='ltr'>llo·</span> 
     </span>
    </p>
   </div>
   <div class='ocr_carea' id='block_1_4' title="bbox 0 0 1617 5310">
    <p class='ocr_par' dir='ltr' id='par_1_18' title="bbox 0 0 1617 5310">
     <span class='ocr_line' id='line_1_41' title="bbox 0 0 1617 5310; baseline 0 0"><span class='ocrx_word' id='word_1_280' title='bbox 0 0 1617 5310; x_wconf 95' lang='lat' dir='ltr'> </span> 
     </span>
    </p>
   </div>
  </div>
 </body>
</html>
