3186 5310
440 415 728 480 SIBYLLINORUM
748 418 822 480 LIB.
844 417 899 494 tlt,
918 415 938 497 ᾗ
956 419 987 478 3.
1220 420 1276 481 109

221 557 225 568 ’
289 552 331 615 Et
347 549 445 617 Locri
458 550 565 640 proles
581 551 684 641 Lyciae
702 551 784 616 mala
801 551 900 615 multa
913 548 1051 632 creabit;

244 658 284 722 Et
299 674 341 736 te,
360 656 557 736 Chalcedon,
578 659 669 749 ponti
685 660 798 724 sortita
815 675 956 723 meatum

157 758 220 836 435
245 764 438 853 Augustum,
454 788 566 830 manus
580 766 682 879 AEtpli
698 766 866 857 populabit
880 764 1011 829 alumni.

162 860 167 870 ⁴
288 871 460 936 Exundans
476 871 589 936 avellet
600 897 677 962 opes
690 873 761 958 tibi,
780 872 907 963 Cyzice,
923 887 1052 961 pontus.

213 968 217 975 ’
245 976 296 1040 Tu
309 976 421 1042 vicinae
437 980 532 1058 Asia,
550 980 736 1070 Byzantion,
753 1004 841 1046 arma
856 979 1018 1056 movebis,

244 1084 284 1147 Et
297 1083 434 1172 gemitus
449 1085 573 1164 fundes,
593 1104 625 1151 et
638 1088 760 1177 largum
774 1086 935 1176 sanguinis
955 1111 1093 1152 amnem.

243 1190 401 1257 Praeterea
416 1217 542 1259 summo
558 1184 645 1284 Lycii
661 1193 701 1258 de
719 1196 835 1259 vertice
853 1194 971 1259 montis

156 1299 220 1373 440
244 1298 351 1362 Rauca
366 1299 532 1364 resultabit
548 1301 678 1366 divulsis
694 1302 827 1392 rupibus
845 1299 944 1378 unda,

243 1405 355 1470 Donec
369 1407 401 1471 in
419 1407 487 1472 aede
501 1433 555 1473 sua
569 1406 692 1472 Pataris
708 1408 835 1472 oracula
850 1423 986 1472 cessent.

243 1513 369 1599 Cyzice,
386 1537 481 1601 quam
496 1514 603 1579 vinosa
618 1513 825 1604 Propontidis
840 1539 897 1579 ora
915 1529 1060 1590 coronat,

243 1618 290 1681 Te
305 1617 426 1683 circum
441 1618 563 1684 tumida
576 1620 740 1685 resonabit
754 1619 951 1710 Rhyndacus
967 1618 1064 1683 unda.

286 1727 397 1814 Tuque
412 1725 466 1791 diu
486 1727 583 1810 nolli,
601 1728 734 1811 Rhode,
754 1728 893 1805 subdita,
911 1727 975 1791 iilia
992 1726 1086 1805 Solis,

155 1831 217 1908 445
242 1831 267 1896 F
269 1831 398 1910 lorebis‚
418 1834 582 1924 multaque
598 1852 714 1925 potens
729 1834 868 1925 pollebis
885 1857 981 1925 opum
1000 1833 1040 1908 vi,

241 1941 443 2034 Imperioque
459 1946 554 2009 maris
570 1944 690 2035 primas
707 1944 881 2035 aliquando
898 1944 1042 2020 tenebis3

241 2049 305 2114 Sed
318 2049 435 2116 frustra
451 2077 458 2117 :
474 2077 547 2117 nam
562 2052 670 2142 praeda
687 2052 853 2117 hominum
869 2052 1002 2142 rapieris
1017 2070 1193 2130 amantum,

239 2157 466 2247 Cervicemque
477 2163 553 2248 jugo
570 2157 659 2223 dives
676 2161 882 2249 formosaque
897 2158 1026 2226 subdes.

284 2262 402 2352 Lydius
416 2282 448 2328 at
463 2282 570 2330 motus
588 2290 637 2329 res
654 2263 791 2331 Persidis
808 2266 937 2344 obruet,
954 2283 987 2330 et
1003 2281 1071 2329 tum

152 2370 216 2448 450
239 2372 377 2461 Europae
391 2389 485 2462 atque
499 2374 581 2439 Asiae
593 2391 703 2465 gentes
718 2373 856 2438 immane
868 2374 1036 2440 dolebunt.

285 2479 432 2545 Sidonios
447 2480 611 2570 variasque
627 2481 759 2546 trahens
773 2481 805 2546 in
821 2481 928 2571 praelia
948 2499 1075 2570 gentes,

241 2587 309 2650 Rex
324 2611 423 2653 saevus
439 2587 552 2653 Samiis
569 2588 650 2656 seret
667 2611 777 2678 aspera
795 2587 878 2652 bella
894 2612 953 2678 per
969 2589 1081 2654 undas.

239 2694 322 2758 Tum
340 2719 437 2761 cruor
453 2719 470 2759 e
487 2712 573 2760 terra
589 2695 731 2797 manabit
747 2695 779 2758 in
794 2719 934 2784 aequora,
953 2711 1078 2759 torrens

241 2801 334 2866 Caede
345 2801 464 2879 virum;
481 2800 574 2866 simul
590 2825 707 2866 uxores
723 2817 879 2890 castaeque
894 2800 1026 2889 puellae,

150 2903 214 2982 455
239 2905 313 2970 Vim
326 2932 427 2997 passae
443 2908 617 2986 infandam,
637 2906 761 2973 flebunt
777 2906 826 2971 hae
839 2908 902 2971 iata
917 2924 1084 2998 parentum

239 3013 440 3093 Occisorum‚
461 3015 521 3080 illoe
537 3032 687 3080 natorum
701 3032 805 3079 morte
823 3013 1006 3081 cadentum.

282 3120 378 3210 Signa
394 3120 491 3186 etiam
507 3122 603 3211 Cypri
618 3138 725 3186 motus
741 3119 855 3186 dabit:
872 3120 924 3184 ille
942 3119 1111 3212 phalanges

236 3227 416 3318 Opprimet,
433 3244 465 3293 et
483 3230 598 3294 multas
613 3228 734 3293 animas
749 3227 843 3293 simul
858 3227 982 3314 ingeret
996 3230 1094 3294 Orco.

283 3341 322 3401 rit
336 3335 439 3400 vicina
450 3334 578 3424 Epheso
595 3335 710 3400 Trallis
725 3358 879 3400 concussa
896 3336 1054 3424 superbos

149 3443 213 3518 460
236 3441 371 3506 Amittet
388 3465 509 3518 muros,
529 3439 732 3529 habitataque
750 3440 865 3504 moenia
881 3439 969 3532 doris

236 3548 385 3627 Civibus3
407 3565 440 3613 et
455 3549 575 3614 calidos
590 3547 727 3612 laticese
741 3547 865 3638 gurgite
884 3547 1033 3625 fundens,

147 3781 201 3832 vide
214 3791 266 3833 not.
282 3811 313 3820 -
328 3787 387 3843 449,
406 3763 443 3849 sq.
459 3783 539 3834 Terra
557 3792 650 3834 tremor
670 3781 752 3848 ingens
768 3782 794 3831 in
809 3783 916 3841 Perside,
936 3783 993 3832 Asia
1012 3792 1086 3849 atque
1107 3782 1212 3849 Europa.
1236 3813 1262 3821 -

147 3870 206 3929 451,
219 3883 272 3934 sqq.
295 3869 380 3918 Samos
400 3868 431 3917 ab
444 3867 585 3919 hominibus
608 3867 714 3917 Sidoniis
733 3867 795 3916 mari
816 3867 924 3917 advectis
943 3866 1110 3917 devastabitur
1131 3869 1233 3934 [nempe
1253 3885 1267 3918 a

147 3950 301 4001 Phoenicihus
312 3961 367 4018 post
376 3951 509 4017 Polycratis
522 3951 690 4018 tyrannidem:
700 3951 754 4001 vide
764 3953 836 4017 not.].
848 3981 878 3989 -
894 3955 952 4010 456,
964 3966 1015 4016 sqq.
1029 3951 1107 4001 llotns
1120 3968 1202 4017 graves
1219 3962 1268 4002 ter·

147 4049 229 4085 rarum
238 4034 323 4102 Cypri,
335 4035 466 4090 Trallibus,
482 4033 579 4101 Ephesi.
589 4064 619 4072 —

85 4239 91 4250 ⁴
180 4236 236 4284 440.
258 4235 426 4299 Ἀνοιγομένης
437 4242 461 4283 01
474 4235 691 4301 κελαρύξεταιωε-
756 4239 813 4285 tto.
833 4233 908 4284 tlodd.
931 4234 957 4282 in
971 4233 1019 4284 sins
1037 4234 1114 4299 ἄλγη,
1138 4237 1202 4287 0040
1224 4255 1268 4290 nos

145 4306 197 4358 dias
208 4306 292 4375 accipe
301 4325 370 4359 voces
380 4326 425 4377 pro
434 4308 527 4359 activis.
722 4309 781 4359 olim
795 4311 865 4378 ἀλγῇ,
880 4309 960 4359 minus
969 4327 1045 4377 graeca
1054 4313 1149 4379 syntaxi
1163 4331 1168 4361 :
1180 4314 1221 4363 scd
1233 4324 1269 4365 est

179 4387 236 4436 ttt.
256 4384 331 4436 codd.
346 4386 471 4453 πατέρων,
487 4384 530 4434 obi
545 4401 587 4434 nos
606 4385 690 4437 Πατά·
723 4386 789 4448 ἀλγεῖ
805 4402 849 4451 pro
864 4387 965 4447 ἀλγήσει
976 4425 982 4443 ,
993 4395 1021 4436 01
1035 4385 1065 4442 V,
1079 4390 1134 4446 196,
1150 4390 1214 4439 ποιεῖ
1223 4407 1268 4456 pro
1334 4450 1335 4453 Ἴ

144 4477 194 4529 ρων
202 4477 233 4511 ex
242 4459 284 4521 lv,
296 4465 342 4514 tta
352 4477 358 4512 :
370 4461 424 4512 vide
438 4471 490 4512 not.
721 4462 829 4521 ποιήσει,
845 4471 870 4510 et
882 4459 912 4517 V,
936 4465 994 4519 331,
1009 4462 1072 4528 αῑρεῖ
1089 4479 1134 4529 pro
1154 4466 1266 4531 αἱρήσει,

179 4541 235 4589 stt.
256 4536 323 4588 ldem
334 4554 417 4606 snpra,
433 4541 492 4597 413,
501 4536 543 4588 sed
552 4537 582 4587 de
592 4536 687 4588 Rhodo.
722 4552 776 4604 quo
788 4535 863 4587 ctiam
872 4537 1023 4603 cognationis
1032 4537 1122 4589 indicia
1134 4549 1200 4590 sunt.
