3186 5310
645 395 695 455 llll
715 394 859 456 LIBRUM
881 396 932 456 lV.
1288 396 1343 456 tut

232 525 327 577 nmtio
339 525 425 578 ultima
437 525 555 592 hebetum
571 527 705 577 undecim
717 542 774 577 nus·
800 529 1022 598 tenpore(quippe
1032 529 1225 596 antiquissimum
1235 526 1296 578 illud
1303 525 1348 577 im·

231 617 307 665 qusm
319 601 411 653 mentio
422 602 459 653 lit.
468 603 537 654 Adde
548 602 615 668 quod
628 603 655 653 in
666 602 713 653 hoo
722 603 775 669 ipso
800 603 895 668 perium
916 604 991 654 etiam
1012 604 1037 654 in
1057 604 1131 655 noris
1152 602 1279 671 seripturis
1302 602 1346 652 de·

232 675 307 736 libro,
322 692 368 727 uec
381 678 450 743 longe
461 677 532 737 infre,
548 695 571 728 r.
585 680 626 737 tt,
641 678 776 742 generatio-
801 677 936 743 signatur)·,
947 678 1004 728 inde
1016 678 1141 729 Medorum
1149 680 1222 740 dum,
1233 676 1349 728 videlieet

232 752 386 819 uessprimn
400 753 430 803 sd
441 753 560 803 decimum
573 753 776 811 numerabuntur,
801 752 833 801 sb
846 752 942 819 imperii
956 753 1062 804 Chaldmi
1075 755 1123 805 fine
1140 768 1216 821 nsque
1236 753 1268 805 sd
1289 750 1348 818 Cyri
1458 767 1463 777 ·

234 829 301 893 qnod
309 828 380 878 nobis
391 844 489 879 omnem
499 829 687 893 dubitationem,
699 829 777 894 siqua
801 825 883 887 initia3
900 827 1027 879 Persarum
1040 846 1131 894 onam,
1147 845 1223 894 usque
1236 827 1267 878 sd
1280 826 1348 876 Gre-

233 903 523 970 potuissetesse,tolleret.
530 904 608 955 Aliter
614 903 779 955 tamenllwal·
802 917 887 951 corum
898 901 938 965 (id
951 915 997 967 est,
1009 904 1181 969 Macedonum)
1194 913 1219 954 et
1228 902 1348 953 homno·

235 978 281 1029 dns
297 978 498 1042 seudtsslissert.
512 995 566 1047 pag.
582 984 627 1043 50,
648 979 737 1043 not),
751 977 778 1028 in
802 992 858 1026 rum
877 980 1070 1045 generationem,
1084 997 1157 1046 quam
1179 994 1254 1029 unam
1275 974 1349 1033 huit.

235 1053 344 1104 huonon
355 1056 499 1119 sequendus.
803 1067 906 1118 umque
914 1053 1032 1104 decimam
1040 1065 1066 1106 et
1075 1051 1352 1110 ultimumlledeoims.

269 1132 311 1191 lt),
321 1145 373 1195 sqq.
383 1129 444 1180 Nota
451 1146 531 1195 neque
536 1129 578 1180 hio
587 1146 666 1196 neque
672 1129 699 1179 in
707 1128 780 1195 hujus
803 1128 898 1178 varium
904 1128 1002 1195 quidem
1015 1129 1114 1181 initium
1124 1146 1169 1197 pro
1179 1128 1252 1179 uariis
1264 1135 1349 1178 auoto-

235 1203 293 1255 libri
300 1205 409 1271 epilogo,
420 1205 463 1255 ubi
474 1205 604 1272 pariterue
615 1222 683 1273 pene
695 1205 779 1255 iisdem
804 1203 872 1253 ribus
888 1204 1001 1265 habente,
1011 1205 1084 1256 linem
1093 1222 1150 1255 rero
1159 1204 1272 1254 omnibus
1284 1217 1351 1253 com·

235 1279 316 1330 rerbis
327 1279 358 1329 de
373 1279 421 1330 hoe
435 1279 524 1330 hruudi
540 1291 632 1345 egetur,
648 1281 722 1330 ullum
741 1279 779 1329 tel
804 1296 903 1330 muns·
915 1284 980 1344 (non
996 1281 1071 1331 alium
1089 1297 1163 1347 quam
1176 1280 1256 1348 ipsum
1267 1292 1350 1328 rerum

236 1354 781 1422 priorisrosnrreetionissutejudioiumsupre·
805 1355 901 1420 linem),
920 1356 976 1406 vide
987 1371 1061 1423 supra
1072 1365 1125 1407 not.
1138 1357 1169 1406 ed
1178 1372 1201 1406 t.
1212 1359 1255 1417 20,
1267 1363 1293 1405 et
1301 1351 1351 1403 llx-

236 1431 348 1481 mumrel
357 1430 445 1497 prioris
453 1429 541 1497 judieii
550 1432 699 1481 mentionem
710 1428 779 1491 teri,
805 1447 903 1481 cursum
916 1441 1026 1482 nostrum
1037 1431 1077 1489 vt,
1087 1440 1150 1499 part
1162 1431 1181 1491 l,
1192 1447 1244 1497 sap.
1257 1433 1280 1480 l.

236 1506 303 1571 qnod
320 1515 401 1556 tamen
418 1515 549 1572 utrumque
567 1507 702 1556 necmmrio
720 1504 780 1554 deli·
839 1510 880 1559 60.
905 1505 998 1557 lunulas
1015 1506 1077 1556 muri
1093 1516 1177 1557 enntm
1188 1504 1273 1556 ordine
1288 1513 1354 1554 tem-

236 1581 352 1632 uiendum
367 1580 453 1632 luisset
468 1580 490 1631 si
501 1580 588 1632 Noster
606 1582 632 1631 in
646 1582 727 1632 animo
736 1579 782 1630 bs·
805 1597 892 1647 porum
901 1581 991 1648 primas
1002 1582 1077 1632 citare
1088 1581 1197 1632 solebant
1213 1579 1291 1632 Greci
1304 1578 1352 1630 ba-

236 1657 328 1708 buisset
348 1656 416 1707 illam
432 1656 499 1707 mille
517 1673 638 1707 annorum
658 1657 782 1723 judaicum
806 1657 858 1708 lum
871 1667 896 1706 et
906 1656 1021 1708 Rhodum
1036 1673 1043 1707 :
1057 1656 1082 1706 id
1094 1673 1151 1707 vero
1164 1655 1244 1706 ductis
1255 1671 1285 1704 es
1300 1654 1353 1705 sols

138 1790 146 1809 ἱ
237 1731 378 1784 ίοΙίιίωιι
396 1741 491 1782 aeterne
506 1732 708 1798 vituperium,
728 1746 782 1803 qne
807 1731 956 1799 mythologie
968 1731 1120 1793 rstionibns,
1135 1728 1350 1798 prosequemur,

237 1807 289 1858 sols
316 1823 386 1858 veros
404 1808 553 1858 millenarios
576 1807 673 1858 efficere
691 1806 780 1874 potuit.
807 1822 884 1872 quum
895 1823 930 1857 eae
944 1816 1014 1858 terre
1025 1806 1125 1857 minime
1138 1806 1207 1873 igniti
1220 1804 1268 1855 sint
1278 1819 1352 1872 gene·

238 1881 301 1933 ilino
313 1891 381 1950 patet
391 1881 511 1949 primevis
523 1881 676 1942 Christisnis‚
688 1898 719 1932 es
730 1881 784 1946 qui·
808 1881 850 1932 ris.
869 1881 964 1933 Certior
979 1883 1063 1932 There
1075 1881 1202 1931 vulmnius
1216 1889 1297 1942 ortus,
1311 1877 1354 1928 sed

239 1956 284 2007 bns
296 1956 364 2007 luere
374 1957 532 2024 Therapeutae
546 1955 784 2024 primiqueSibyllis·
809 1958 830 2007 is
850 1974 948 2024 quoque
971 1956 1121 2025 temporibus
1143 1956 1207 2006 mule
1225 1954 1354 2019 delinitus,

240 2041 280 2092 ιε,
293 2031 430 2083 doctrinam
444 2033 474 2082 de
488 2033 581 2082 ultimis
594 2031 679 2083 muudi
691 2041 784 2097 tempo·
809 2032 867 2081 lieet
883 2031 908 2081 iu
922 2047 1000 2081 sevum
1020 2041 1086 2082 certe
1105 2029 1270 2096 conjiciendus
1287 2027 1354 2079 snti-

240 2106 784 2175 ribtrt,non,utpleriqueputantletnosolim
809 2105 966 2171 quissimus),
986 2106 1122 2172 nostrisque
1141 2103 1208 2172 prius
1231 2101 1354 2161 historiis,

240 2199 297 2234 cum
306 2183 427 2250 plerisque
440 2183 586 2233 credidimus
596 2183 786 2250 impressumque
810 2182 982 2248 sicntapparet
994 2197 1044 2231 nou
1061 2180 1134 2231 modo
1142 2196 1172 2230 ex
1184 2179 1283 2230 Pindari
1296 2177 1357 2228 olio·

242 2258 308 2325 typis
327 2257 494 2323 reliquimus),
508 2274 662 2308 communem
674 2257 786 2308 omnibus
810 2273 915 2322 rumque
923 2267 1049 2323 poetarum
1058 2255 1219 2314 carminibus,
1228 2255 1270 2305 sed
1280 2252 1356 2304 etium

241 2333 362 2399 autudgo
373 2334 458 2383 saltem
464 2332 615 2383 credentium
628 2332 699 2384 luisse
710 2332 787 2382 mille·
811 2349 825 2382 e
836 2331 944 2398 reliquiis
952 2331 1102 2399 privaturum
1113 2332 1239 2387 domnum.
1254 2329 1356 2379 sonasse

240 2407 787 2476 mritmpropriedicttm‚sedtslemapudli-
811 2422 842 2457 ne
855 2407 962 2473 ipserum
980 2407 1079 2473 quidem
1097 2407 1280 2474 priuatarum,
1302 2419 1357 2469 qun

241 2483 308 2534 deles
318 2493 343 2535 et
354 2493 419 2534 uerte
430 2484 496 2550 apud
505 2494 599 2534 nostros
608 2483 743 2550 Sibyllistas
750 2482 787 2532 vi·
813 2483 838 2533 in
848 2483 890 2532 illa
904 2482 982 2531 insula
989 2480 1034 2531 sub
1047 2481 1152 2532 vulosuii
1166 2479 1211 2530 soli
1224 2477 1305 2530 stratis
1312 2494 1357 2545 per

241 2559 328 2624 gulose,
339 2559 417 2625 qualis
425 2559 498 2609 bodie
508 2559 535 2609 iu
543 2559 651 2610 Ecclesia
657 2558 785 2609 catholico.
812 2556 857 2607 hos
872 2557 1013 2607 novissimos
1021 2572 1097 2606 nouos
1108 2565 1209 2623 repertor
1217 2564 1281 2607 sunt
1296 2554 1358 2604 Aba

242 2635 325 2687 Unum
341 2635 408 2685 enim
418 2633 538 2700 judicium
548 2643 690 2701 exspectant
701 2633 778 2684 nostri
812 2632 962 2699 temporibus
974 2632 1080 2697 antiquis
1093 2647 1160 2695 saue,
1170 2632 1212 2681 sed
1220 2632 1271 2697 jam
1280 2629 1358 2681 histo·

242 2719 329 2777 poetar,
338 2707 493 2761 etststimsb
502 2709 544 2759 illo
551 2709 661 2759 examine
667 2709 788 2774 justorum
813 2708 871 2761 riuis
886 2718 949 2759 nutu
964 2708 1047 2758 insule
1062 2715 1220 2758 recensentur
1234 2722 1249 2757 s
1266 2706 1359 2756 Senem

242 2785 352 2836 omnium
369 2784 525 2849 felicitatem,
539 2793 677 2835 terrestrem
690 2783 789 2850 quidem
814 2784 841 2833 in
856 2783 984 2850 Epistolis‚
998 2784 1150 2848 maximeque
1162 2797 1177 2832 ι
1187 2780 1278 2840 Plinio,
1294 2779 1356 2832 llist.

242 2859 311 2911 illum
323 2869 348 2911 et
359 2876 514 2927 corpoream,
528 2860 570 2909 sed
585 2859 682 2926 qual-
700 2858 788 2925 probs·
815 2859 870 2910 Nat.
892 2859 930 2918 11,
950 2861 998 2910 tt:
1012 2858 1159 2910 reoentiores
1177 2866 1203 2908 et
1220 2855 1290 2907 nobis
1303 2870 1360 2923 pro·

243 2935 385 3002 bilmipsis
398 2933 501 2985 faciebat
514 2944 692 2985 sacmmnetnm
703 2935 789 3000 dogma
815 2935 918 3001 pinquat
935 2949 1049 2984 enarrare
1067 2935 1166 3000 longum
1185 2941 1261 2992 atet,
1275 2945 1361 2998 suges·

243 3013 275 3063 de
287 3010 462 3063 resurreetione
477 3008 571 3071 ιιι-πίῃ
594 3019 701 3060 ceterum
719 3019 790 3058 arter-
814 3008 921 3059 eeuteiu
934 3007 985 3058 dies
996 3024 1106 3058 numero.

243 3102 302 3136 nam
315 3102 395 3152 neque
404 3085 454 3135 ullo
462 3101 582 3136 annorum
594 3085 672 3134 limite
684 3085 789 3135 circum-
849 3088 890 3134 61,
909 3080 979 3132 Falso
1002 3083 1073 3148 plsoe
1096 3084 1127 3132 nd
1149 3082 1298 3150 Euphratem
1317 3081 1360 3132 de·

244 3161 368 3228 seriptum.
386 3159 438 3210 lloe
450 3169 570 3226 quantum
584 3175 599 3209 s
618 3158 790 3210 millenarismo
815 3160 946 3223 sigrratnra
959 3155 1045 3207 Nostro
1056 3173 1137 3224 pugno
1143 3157 1196 3218 ista,
1207 3157 1361 3225 quamdooet

245 3235 356 3296 diflerat,
370 3250 442 3285 nemo
461 3250 511 3284 non
520 3233 594 3286 videt.
817 3230 1361 3299 llerodotusbsndproculsbllcbatnnisesse

280 3315 322 3362 43.
340 3310 437 3376 Sibyllae
458 3325 562 3368 nomen,
584 3319 611 3359 nt
632 3310 683 3374 jam
701 3307 791 3358 alieubi
817 3309 977 3357 commissam.
992 3306 1062 3368 Quae,
1074 3308 1208 3357 decretoria
1225 3307 1295 3366 licet,
1310 3322 1361 3358 nou

246 3387 391 3449 notavimus,
406 3385 443 3435 bis
456 3394 551 3435 tuntum
563 3383 589 3433 in
598 3383 723 3450 Sibyllinis
734 3400 791 3450 pro·
817 3391 898 3433 tamen
910 3381 1039 3448 imperinm
1052 3382 1135 3432 stetim
1148 3383 1179 3432 sd
1187 3380 1272 3433 Persas
1281 3390 1361 3433 treus·

245 3460 333 3520 lertnr,
345 3459 421 3511 hicet
431 3458 476 3519 lll,
487 3463 546 3518 stt,
560 3474 647 3525 nempe
658 3459 684 3508 in
697 3458 792 3509 dnobus
818 3456 888 3520 tulit,
904 3458 945 3507 sed
957 3468 1011 3523 post
1025 3456 1133 3522 Astyagis
1151 3457 1249 3508 demum
1262 3467 1287 3509 et
1298 3457 1362 3525 Cys-

246 3545 386 3586 uostrorum
394 3532 726 3599 osrminnmautiquissimis,
741 3549 791 3583 uno
817 3533 882 3582 xsris
904 3542 1024 3595 mortem,
1046 3531 1136 3597 quibus
1155 3533 1249 3583 videtur
1269 3533 1362 3585 interes

245 3611 359 3677 judaIeo,
374 3608 452 3660 altero
469 3607 610 3659 christiano.
628 3607 719 3658 Verum
730 3608 793 3658 illud
817 3623 900 3658 rerum
908 3623 1027 3658 summum
1039 3608 1076 3656 vel
1089 3606 1182 3673 mium
1196 3617 1262 3658 certe
1273 3624 1363 3660 nomeu

248 3702 353 3743 stoma.
366 3686 440 3735 etium
450 3683 493 3734 ubi
501 3700 551 3733 non
570 3683 648 3750 ipsum
660 3683 792 3750 profertur,
819 3683 944 3749 reliquisse
955 3681 1047 3749 Cyrus,
1060 3681 1174 3732 silinibus
1186 3699 1295 3749 psreens.
1305 3683 1364 3735 ludo

250 3760 446 3811 subaudiendum
458 3775 509 3809 esse
521 3758 579 3809 sutis
590 3757 677 3824 probat
697 3757 793 3808 luini-
819 3757 945 3808 Hedorum
958 3768 983 3809 et
993 3758 1122 3808 Pentrorum
1134 3758 1177 3808 diu
1189 3758 1254 3824 opud
1268 3758 1365 3812 uram·

248 3853 309 3886 num
317 3851 392 3902 genus
401 3833 493 3899 ubique
502 3834 533 3884 de
543 3849 568 3883 se
583 3833 698 3884 nsitstum
706 3843 794 3884 nostre
820 3832 920 3883 oooluss
929 3849 1038 3883 mansere
1047 3832 1160 3897 nomios,
1172 3834 1305 3899 presertim
1312 3844 1367 3902 post

249 3912 309 3970 rati.
324 3909 386 3967 ml,
405 3913 432 3970 13
451 3908 491 3969 ll,
511 3911 540 3968 ²3
556 3907 586 3967 V,
599 3911 624 3970 3,
639 3918 686 3959 eto.
821 3909 952 3959 sdreutnm
970 3908 1038 3959 Darii
1057 3907 1136 3967 lledi,
1154 3907 1318 3969 lledioorum‚
1339 3920 1367 3962 ut

283 3990 332 4043 tlt,
354 4001 407 4049 sqq.
426 3983 461 4033 lle
478 3982 663 4048 generationum
681 3982 793 4040 rstioue.
821 3983 1018 4043 tnmroosbaot,
1033 3981 1153 4033 bellorum
1166 3982 1282 4034 auctoris.

249 4078 324 4126 quam
338 4059 424 4110 b'oster
434 4057 481 4108 sibi
493 4057 618 4124 propriam
629 4059 796 4125 diversumque
855 4064 901 4115 80.
914 4075 968 4124 sqq.
983 4051 1171 4123 lotiquissimar
1186 4057 1264 4109 AEtoe
1279 4059 1369 4110 montis

248 4136 281 4187 sb
294 4135 348 4185 sliis
360 4133 430 4184 libris
444 4132 568 4198 sequitur,
583 4133 726 4183 calumniari
738 4150 796 4184 enm
821 4134 960 4201 eruptiones
975 4132 1075 4184 dillicile
1084 4142 1121 4183 est
1138 4133 1254 4191 delinire,
1275 4133 1367 4201 quippe

250 4210 374 4275 Sibyllista
386 4224 475 4258 vanum
487 4224 516 4257 ue
530 4223 606 4274 prope
615 4208 746 4259 ridiculum
758 4209 794 4259 lo-
821 4226 876 4274 que
887 4207 1044 4259 historiarum
1058 4207 1174 4273 originem
1186 4218 1212 4258 et
1226 4208 1368 4272 hominnm,

251 4297 304 4340 ret.
319 4283 381 4334 sieut
394 4283 531 4334 notavimus
542 4283 574 4332 sd
586 4282 643 4332 libri
657 4283 666 4332 Ι
686 4283 795 4335 initium.
822 4285 908 4334 saltem
916 4283 1212 4342 Grecornmmemorism
1220 4285 1367 4350 prseoetlunt.

252 4360 390 4423 llicntique
399 4359 654 4422 justsmeutemsuam
664 4359 798 4422 generatio·
823 4360 912 4409 llultas
924 4359 977 4409 illas
993 4358 1075 4416 luisse,
1089 4359 1130 4407 sed
1143 4363 1279 4425 temqsrrtrm
1294 4357 1369 4410 iuter·

253 4453 295 4487 urs
305 4436 340 4485 sic
351 4435 446 4484 ordinat
456 4452 461 4482 :
471 4450 510 4483 ses
521 4431 673 4500 Assyriorum
685 4450 699 4482 a
709 4435 795 4485 diluuii
824 4434 892 4486 vullis
903 4432 1004 4489 diuisas,
1021 4442 1075 4485 tuto
1088 4432 1160 4482 asseri
1175 4442 1261 4500 potest.
1279 4432 1370 4486 Notou·
