3186 5310
655 441 708 501 Ab
729 439 870 500 LIBRUM
893 440 928 498 Ι.
1283 441 1342 502 369

232 580 287 629 quae
304 565 345 616 bic
367 567 478 634 leguntur
494 570 525 620 ad
551 570 659 622 Parthici
679 571 776 638 imperii
801 571 909 621 carmina
921 587 964 620 sun
979 570 1146 637 praedictiones
1157 571 1273 635 quasdam
1287 582 1344 624 unte

233 642 348 692 commoti
360 643 520 711 labefactique
528 646 646 698 declivem
659 648 702 698 illo
714 656 776 698 tem·
801 655 914 696 eventum
926 645 1117 711 fortuitojactas,
1127 661 1181 710 que
1188 656 1270 713 postca
1279 646 1344 698 laeto

232 731 293 782 pore
303 727 402 769 statum,
802 721 963 788 comprobatas
976 731 1042 772 sunt.
1054 722 1120 773 Idem
1131 720 1254 772 observari
1265 724 1347 790 potnit

268 795 326 844 lbi.
341 792 475 845 lleferenda
489 795 540 845 baec
552 795 635 854 verba,
651 797 687 846 ὅτ’
703 795 777 847 tret-
803 798 833 847 de
856 797 924 847 lsiaci
948 796 1031 864 templi
1051 797 1174 846 eversione
1192 797 1265 848 modo
1282 815 1345 864 prar-

232 867 288 916 oar'
302 869 402 934 ὄλεθρος
414 870 550 934 Αἰγύπτου,
562 871 594 920 ad
605 871 648 921 illa
660 870 715 921 libri
730 869 776 927 ΙΙΙ,
803 872 877 930 dicta,
891 877 948 933 tet,
964 889 1028 938 sqq,
1039 881 1064 922 et
1073 888 1155 938 supra,
1172 876 1212 930 54.
1229 889 1282 938 sqq.
1296 874 1345 924 Sed

234 944 296 997 313,
308 943 349 992 καὶ
360 945 417 994 τότε
427 945 525 1009 παύσῃ,
538 961 552 995 e
563 946 650 1011 quibus
661 946 778 997 ambobus
804 947 1105 1014 bocpraecipuesatieinio‚
1114 948 1348 1013 tamplenumeren·

232 1016 778 1086 locisintersecollatisargumentumsump·
804 1033 858 1073 tum
877 1034 964 1082 nacto,
985 1033 1112 1074 commote
1139 1023 1239 1075 luerunt
1266 1025 1348 1075 bomi-

232 1091 307 1142 simus
318 1094 453 1144 communis
462 1096 527 1146 inter
537 1106 668 1164 utrumque
680 1112 779 1147 carmen
804 1116 864 1148 num
870 1109 977 1149 mentes:
990 1099 1073 1164 itaque
1081 1099 1131 1148 hue
1141 1100 1240 1166 respicit
1248 1101 1347 1166 quidm

231 1168 341 1234 originis,
350 1186 427 1236 quum
439 1170 464 1220 in
474 1170 620 1221 Excursibus
631 1173 719 1238 prioris
728 1173 781 1222 edi·
805 1175 861 1224 diro
874 1174 991 1241 objiciens
998 1175 1145 1239 Augustino,
1156 1174 1187 1224 de
1195 1176 1248 1226 [liv.
1263 1176 1349 1238 bem..

231 1245 318 1304 tionis,
337 1255 391 1296 tum
410 1246 436 1295 iu
455 1246 528 1313 hujus
552 1247 627 1314 ipsius
648 1247 780 1298 voluminis
804 1267 858 1316 cop.
876 1253 898 1308 1,
914 1249 930 1315 5
953 1253 976 1308 Ι,
995 1248 1155 1299 «Daemonem
1174 1249 1256 1298 neseio
1276 1266 1350 1316 quem

234 1319 387 1381 Preiatione,
402 1338 476 1386 quam
488 1322 552 1372 ride.
763 1379 769 1400 1
806 1347 819 1371 «ι
829 1325 978 1375 eversionem
983 1324 1067 1391 templi
1076 1323 1180 1390 Serapis,
1188 1325 1353 1389 quaeAlesau·

268 1400 327 1457 433,
341 1413 395 1463 sqq.
407 1396 563 1447 Rarissimam
574 1414 632 1448 saue
643 1397 779 1464 prodigium
808 1400 886 1451 «driae
893 1399 958 1450 laeta
966 1409 1012 1462 eet,
1023 1399 1187 1465 pradiaiase».
1196 1399 1243 1450 Cui
1253 1415 1351 1468 respou-

234 1472 303 1523 Nilus
313 1472 366 1538 gelu
382 1473 494 1522 astrictus
512 1489 553 1522 seu
567 1483 660 1524 crustas
672 1472 779 1524 rebeus:
806 1477 847 1527 det
859 1486 956 1526 sanetus
968 1474 1050 1533 Pater,
1065 1475 1125 1524 ibid.
1143 1491 1199 1542 cap.
1217 1478 1243 1537 5,
1264 1475 1281 1541 S
1296 1478 1324 1528 ΙΙ
1342 1492 1349 1525 t

233 1549 303 1615 cujus
312 1548 621 1612 tamenexemplumunum
630 1549 700 1598 nobis
708 1548 780 1599 allert
807 1548 1357 1617 oQuidergornirnmsijamirnminenteteru-¹

233 1624 358 1676 Bellorum
382 1621 512 1674 Sacrorum
542 1623 647 1674 Gallicus
675 1623 781 1689 scriptor
807 1629 926 1693 «plorum
948 1635 991 1677 aut
1011 1625 1194 1675 simulacrorum
1215 1627 1359 1687 eversione..

233 1698 359 1760 llicbaud,
368 1708 427 1748 tom.
437 1698 463 1762 1,
473 1714 526 1764 pag.
539 1700 595 1758 142,
605 1709 667 1760 not,
679 1708 780 1749 nonore
807 1724 819 1748 a
829 1719 902 1769 qtnm
915 1694 1041 1770 prophete
1056 1700 1101 1751 Dei
1111 1711 1180 1751 tanto
1190 1710 1249 1752 ante
1262 1702 1353 1768 praedi·

233 1775 332 1841 quidem
343 1790 386 1824 suo
395 1790 446 1824 non
456 1775 541 1830 citato,
549 1790 595 1823 nec
603 1774 703 1824 definito
717 1782 779 1824 tem·
807 1800 820 1824 «ι
829 1788 924 1837 serant,
933 1776 1030 1843 Serapis
1039 1775 1133 1825 demon
1144 1776 1220 1826 alicui
1230 1778 1352 1828 cultorum

234 1866 305 1917 pore,
321 1849 366 1900 nisi
379 1850 444 1915 qnod
456 1866 487 1899 ex
499 1849 711 1899 circumstantibus
724 1859 781 1899 tetes
808 1874 820 1898 o
830 1869 929 1902 suornm
947 1852 994 1901 boc
1012 1852 1043 1901 de
1060 1850 1172 1916 proximo
1186 1851 1310 1916 prodidit,
1324 1860 1353 1903 at

235 1925 315 1992 colligi
322 1934 402 1993 potest
414 1925 502 1974 seculo
515 1923 558 1974 llll
573 1925 720 1990 propinqua,
731 1940 780 1975 ma·
807 1950 820 1974 a
831 1944 899 1977 suam
917 1927 985 1994 quasi
1005 1926 1160 1976 divinitatem
1179 1927 1295 1976 recedens
1313 1927 1353 1977 sel

234 2012 309 2053 trente
321 2001 420 2052 interim
431 1999 559 2050 dubitandi
569 2000 632 2048 loco.
808 2024 821 2048 e
831 2002 923 2066 fugiens
934 2000 1131 2052 commendaret?
1141 2020 1154 2044 r·
1168 2000 1293 2066 Additque
1306 2001 1355 2051 alia

269 2083 327 2130 483.
346 2077 527 2129 Recterocatur
535 2074 631 2140 Serapis
640 2073 715 2130 libore
723 2076 780 2125 nol·
807 2094 875 2144 nque
888 2092 964 2136 rana,
985 2092 1040 2141 quae
1054 2091 1105 2124 non
1124 2075 1237 2125 dictasset
1255 2086 1354 2126 sanctus

233 2156 286 2211 ὶοῖς
303 2154 469 2217 testatiora.
486 2150 592 2199 multis
605 2149 668 2198 suis
684 2148 781 2214 imposi-
806 2153 844 2203 vir
861 2152 882 2203 si
897 2159 1030 2218 reputasset
1046 2149 1175 2215 Sibyllistae
1192 2150 1282 2213 otiosi,
1302 2167 1353 2202 nun

236 2239 299 2280 utus
313 2251 337 2290 υ,
359 2229 428 2293 cnjus
450 2226 568 2292 templum
591 2225 715 2274 luculenta
739 2224 780 2273 de·
807 2224 1209 2295 sempidisietndesseoraenlum.

233 2305 366 2370 scriptione
385 2303 455 2353 nobis
472 2300 565 2366 effingit
584 2299 693 2356 nunnus,
717 2297 779 2350 llist.
841 2308 898 2366 491,
914 2319 966 2369 sqq.
979 2304 1054 2351 Nemo
1068 2317 1117 2350 non
1131 2300 1305 2367 interpretum,
1319 2303 1351 2354 de

235 2380 302 2431 Eccl.
316 2379 360 2439 ΙΙΙ,
373 2396 426 2445 cap.
437 2381 478 2435 23,
494 2399 505 2420 r
518 2383 668 2441 peruentum
678 2382 781 2422 sulam·
806 2380 845 2429 his
856 2387 1034 2432 commentans,
1049 2377 1080 2426 ad
1094 2374 1163 2425 Onite
1177 2377 1296 2442 templum
1314 2394 1351 2428 re·

235 2450 319 2523 «plius
332 2456 419 2521 gradus
432 2455 459 2504 in
476 2452 578 2503 sublime
596 2464 735 2514 suspensum
748 2462 778 2497 n:
808 2454 896 2521 spexit,
909 2462 1018 2504 ereetum
1032 2467 1108 2517 prope
1122 2450 1285 2518 Heliopolim,
1301 2469 1355 2519 reg.

235 2527 304 2579 addit
315 2527 439 2594 Sibyllista
451 2522 565 2574 candidos
576 2523 648 2573 suine
657 2524 714 2573 istos
725 2539 780 2587 gra·
807 2539 881 2578 nante
904 2529 930 2577 in
953 2528 1057 2592 AEgypto
1078 2525 1257 2587 Philometore,
1286 2527 1356 2579 Ouiae

234 2598 646 2666 ‹1¹1⁵‚lllottlwsolttld05bex
659 2613 781 2648 marmore
807 2604 975 2671 pontificatum
998 2600 1125 2651 ambientis
1150 2602 1268 2662 consilio,
1292 2604 1357 2670 regie

235 2679 291 2728 albo
310 2678 441 2730 conlectos.
460 2677 561 2741 Propter
578 2689 638 2739 quas
656 2672 780 2723 substruc·
807 2680 930 2746 impensis.
950 2678 999 2728 Nee
1019 2677 1123 2727 multum
1136 2676 1211 2726 refert
1233 2693 1265 2726 an
1282 2688 1352 2730 retus

235 2754 313 2804 tiones
324 2764 391 2805 reete
398 2752 496 2819 quidem
505 2750 553 2800 dici
563 2750 643 2815 potuit
652 2748 712 2798 illud
721 2759 781 2799 tem·
807 2755 867 2805 illud
875 2755 947 2805 tuerit
954 2752 1221 2818 lanomAEgyptiacum,
1229 2764 1353 2806 aunuente

233 2834 303 2899 plum
315 2831 384 2881 collis
397 2829 473 2878 instar
489 2839 612 2890 assurgere
625 2840 632 2875 ι
647 2825 781 2890 improprie
806 2846 874 2895 rege,
896 2829 966 2879 novis
985 2828 1058 2877 sacris
1076 2827 1215 2877 dedicatum
1237 2843 1244 2878 ε
1265 2829 1350 2895 utique

234 2917 317 2960 autem
325 2906 479 2960 s020menua
491 2902 553 2951 ffiss·
567 2899 621 2959 Vll,
632 2916 686 2964 ΜΡ·
702 2904 739 2954 15,
752 2900 779 2950 in
805 2904 852 2955 tuit
863 2914 945 2972 postea
958 2920 972 2953 a
985 2902 1089 2961 ludaeis,
1102 2903 1236 2968 presertim
1247 2902 1350 2955 Alexan·

234 2985 296 3034 eolla
317 2998 359 3033 seu
375 2979 470 3031 tnmulo
488 2976 570 3044 pouit,
593 2976 633 3024 ΙπΙ
651 2977 778 3039 γεωλόφου
805 2980 890 3036 drinio,
902 2994 996 3029 summa
1006 2978 1163 3027 veneratione
1176 2993 1244 3043 paene
1257 2979 1288 3028 ad
1302 2979 1349 3029 ins·

232 3050 655 3123 sopennssunapiusinSophiois,
664 3048 778 3099 advitam
803 3064 843 3103 tar
859 3050 1068 3119 Hierosolymitaui
1086 3052 1170 3117 templi
1189 3052 1290 3103 cultum.
1306 3053 1351 3104 Ve-

233 3134 342 3193 AEdesii,
355 3142 415 3184 tom.
430 3133 456 3193 Ι,
470 3144 526 3196 pag.
542 3131 583 3186 tt,
603 3126 642 3176 ed.
657 3124 776 3186 buison,
804 3145 859 3178 rum
868 3129 913 3177 ista
925 3127 991 3177 Onia
1005 3127 1066 3175 aedes
1076 3127 1212 3188 longeente
1221 3126 1349 3179 hoslibros

233 3219 361 3277 postquam
378 3208 498 3257 fervorem
513 3218 555 3252 seu
570 3201 652 3268 potius
672 3198 778 3248 furorem
803 3203 918 3269 scriptos,
938 3218 953 3251 a
976 3201 1077 3251 Paulino
1098 3200 1196 3266 AEgypti
1218 3201 1350 3266 praelecto,-

170 3312 173 3315 ·
233 3284 339 3338 ostendit
352 3283 458 3334 militum
474 3279 586 3330 simulet
601 3275 777 3326 monachorum
804 3277 941 3343 Vespasiani
955 3275 1068 3325 videlicet
1076 3276 1161 3340 jussu,
1175 3275 1256 3326 clausa
1270 3286 1293 3328 et
1307 3294 1346 3328 re-

233 3360 345 3412 certatim
362 3359 394 3409 ad
414 3353 583 3407 destruendam
604 3352 679 3402 edem
704 3365 777 3400 ruen-
803 3352 932 3418 ligionibus
945 3349 993 3400 suis
1006 3350 1091 3399 orbata
1103 3350 1192 3407 luerat,
1205 3349 1240 3400 ita
1252 3360 1279 3400 ut
1290 3355 1347 3402 nnl-

233 3437 304 3499 tium,
312 3443 383 3485 notat
389 3431 529 3482 remansisse
539 3426 705 3478 tantummodo
714 3434 776 3475 tem·
803 3428 852 3477 lum
864 3427 957 3493 judaici
970 3422 1032 3475 ritus¹
1044 3424 1170 3490 uestigium
1183 3425 1210 3473 in
1226 3441 1255 3475 ea
1270 3426 1344 3476 relin-

234 3513 269 3578 pli
283 3511 360 3561 solum
377 3525 419 3559 seu
433 3507 612 3573 pavimentum,
631 3499 776 3568 probibente
802 3512 927 3569 queretur,
938 3501 1026 3550 diserte
1038 3500 1065 3550 id
1073 3509 1176 3550 testante
1186 3499 1301 3567 dumpho,
1314 3503 1345 3552 de

233 3588 342 3654 lapidum
365 3583 530 3650 magnitudine
553 3597 584 3629 ne
606 3578 677 3628 facile
693 3591 775 3626 mose·
802 3578 869 3628 Bello
881 3577 939 3628 Jud.
950 3576 1003 3635 Vll,
1015 3592 1068 3641 cap.
1082 3578 1113 3625 30
1127 3589 1134 3625 :
1151 3575 1195 3631 ‘tte
1210 3576 1265 3639 μηδ’
1278 3575 1345 3642 ἴχνος

233 3672 339 3712 rentur:
353 3661 439 3712 Μόνον
454 3658 483 3707 τὸ
497 3658 585 3720 ἔδαφος
602 3655 649 3720 οὐχ
665 3654 777 3717 ὑφεῖλον.
801 3653 837 3703 ἔτι
853 3655 897 3714 τῆς
910 3655 944 3709 el:
958 3652 1020 3702 θεὸν
1039 3650 1167 3716 θεραπείας
1184 3650 1209 3699 Ιν
1223 3652 1259 3713 τῷ
1274 3655 1343 3716 τόπῳ

233 3756 263 3789 το
277 3739 317 3788 διὰ
329 3739 405 3804 βάρος
421 3736 470 3784 τῶν
484 3734 573 3783 λίθων·
592 3731 638 3779 οὐκ
649 3723 713 3789 ἦσαν
727 3731 774 3795 γὰρ
800 3729 950 3779 καταλιπεῖν.
968 3726 1072 3784 Contra,
1094 3725 1146 3774 brec
1163 3725 1194 3775 de
1206 3740 1255 3790 qua
1276 3744 1344 3780 nunc

234 3813 429 3879 εὐμετακίνητα.
450 3807 545 3859 Pariter
564 3805 721 3870 eamdemque
742 3804 774 3854 ob
800 3805 880 3870 agitur
897 3803 971 3862 edes,
995 3801 1115 3851 incertum
1134 3801 1203 3865 cujus
1224 3800 1342 3856 instinctu

232 3904 329 3939 cauum
338 3883 482 3953 superfuisse
488 3881 608 3932 credimus
615 3880 701 3946 gradus
713 3895 774 3944 prae-
799 3879 940 3936 sacerdotis,
947 3876 1090 3927 λινοστόλου
1100 3876 1197 3941 ἀνδρός,
1207 3886 1249 3926 aut
1258 3877 1284 3926 iu
1293 3894 1342 3944 qua

233 3965 321 4021 dictos,
329 3974 529 4028 supraquoserea
539 3957 594 4014 luit,
603 3955 628 4005 in
637 3971 696 4020 qua,
705 3955 774 4004 sibe-
800 3954 897 4021 lllgypti
910 3953 981 4013 urbe,
993 3951 1163 4016 cujusrejussu
1175 3962 1218 4001 aut
1228 3952 1343 4019 impensis

232 4056 264 4089 ne
272 4039 432 4089 Sozomenum
445 4033 608 4097 intelligimus,
618 4030 722 4080 sumeris
731 4046 773 4079 er·
800 4029 942 4081 exstruenda
963 4026 1038 4091 (nihil
1054 4026 1120 4075 enim
1139 4025 1231 4093 Sibylla
1251 4028 1282 4078 de
1303 4028 1342 4078 his
1423 4074 1426 4078 .

231 4123 323 4165 structa
337 4114 409 4179 paulo
423 4110 498 4160 serius
511 4108 573 4157 redes
584 4105 772 4163 monachorum,
799 4105 939 4167 omnibus),
948 4112 1057 4168 tempora
1063 4102 1173 4151 durando
1181 4103 1275 4154 victura
1281 4119 1343 4170 pre·

231 4190 259 4239 in
278 4189 375 4239 laudem
392 4183 489 4237 Arcadii
509 4184 568 4248 imp.
591 4181 648 4231 divo
670 4181 773 4230 Arcadio
798 4177 1341 4239 dicitur,doneesubertremummundifinem

233 4276 335 4317 sacrata
358 4264 451 4315 Scimus
469 4270 550 4311 autem
572 4273 682 4308 eversum
702 4256 774 4306 {uisae
800 4251 1341 4320 abAEtbiopibusdeleaturnnfra,507.Aliud

233 4330 776 4408 templumsub'lbeodosio,aonoposthris-
799 4330 873 4396 igitur
885 4329 1002 4394 templum
1014 4336 1038 4377 et
1054 4343 1150 4393 prorsus
1163 4327 1194 4378 ab
1206 4326 1273 4411 Onire
1290 4329 1340 4378 ade

234 4427 287 4467 tum
301 4420 358 4475 339,
373 4430 422 4480 quo
430 4411 540 4478 exeurplo
552 4409 662 4459 firmatur
673 4405 699 4455 id
709 4406 774 4471 quod
800 4405 920 4456 diversum
938 4402 1121 4468 intelligendum
1142 4413 1194 4460 est.
1218 4404 1284 4468 qnod
1303 4419 1342 4453 ra·

234 4492 293 4542 alibi
315 4489 434 4547 diximus,
456 4486 578 4537 admisisse
596 4481 729 4548 Sibyllistas
748 4481 774 4531 in
800 4496 856 4530 sera
873 4480 967 4528 nullum
982 4493 1088 4543 unquam
1100 4477 1155 4527 luit.
1174 4478 1264 4529 Verum
1278 4479 1343 4532 istud

1170 4575 1211 4634 ll
