3186 5310
546 405 832 469 SlBYLLlNORUM
853 408 925 469 LIB.
949 405 1013 465 XII.

232 532 291 599 135
316 536 405 599 Tunc
424 534 484 599 erit
501 535 650 626 Assyriis,
671 561 728 602 ceu
746 537 859 627 plenus
881 536 1023 602 abundet
1041 535 1180 598 Orontes

315 639 451 706 AEdibus
467 658 499 706 et
514 643 641 730 templis
659 659 691 708 et
710 643 866 732 quidquid
886 641 994 707 nobile
1014 642 1094 706 visu.

315 750 421 835 Atque
436 749 495 813 hos
517 749 634 813 eximio
653 775 710 814 rex
726 751 936 839 amplectetur
953 772 1073 825 amore,

316 855 481 936 Quosdam
502 855 598 920 etiam
617 881 711 946 supra
731 857 884 945 reliquos.
903 857 965 922 Sed
984 856 1106 921 ferreus
1121 855 1224 943 ipsum

317 962 525 1049 Transadiget
543 987 666 1041 mucro,
687 964 872 1053 finis·quum
889 962 1012 1029 venerit
1031 962 1105 1037 aevi4

234 1072 295 1146 140
319 1069 360 1132 Et
373 1069 470 1132 miser
484 1068 605 1134 insidiis
619 1070 737 1158 perjuri
755 1089 866 1160 captus
880 1070 986 1150 amici,

318 1178 460 1263 Augusto
480 1176 513 1240 in
528 1176 682 1254 thalamo,
701 1177 815 1243 mediae
828 1176 1046 1268 penetralibus
1059 1175 1160 1257 urbis,

318 1280 466 1350 Occidet.
514 1282 593 1347 Inde
609 1282 689 1348 alins
705 1301 830 1373 sceptra
845 1282 1015 1373 imperiosa
1033 1280 1168 1362 tenebit,

317 1387 457 1451 Nomine
471 1388 697 1477 quinquaginta
710 1405 837 1472 notans,
849 1388 1040 1454 venerabilis
1054 1412 1134 1465 avo,

319 1493 416 1557 Urbis
434 1495 588 1558 Romanae
601 1495 719 1560 multos
734 1494 790 1584 qui
801 1495 916 1584 perdet
928 1494 1087 1576 alumnos,

235 1598 294 1677 145
318 1600 387 1664 Nec
401 1616 508 1664 tamen
527 1600 579 1664 ille
594 1601 647 1666 diu
665 1630 672 1665 ι
692 1625 768 1666 nam
779 1600 863 1690 regis
879 1625 989 1666 amore
1001 1599 1131 1689 prioris,

320 1704 462 1769 invisum
476 1705 592 1770 ferient
605 1731 715 1772 averso
732 1706 862 1772 vulnere
880 1706 975 1772 cives.

365 1811 449 1876 Hinc
463 1835 562 1877 novus
581 1812 712 1878 accedet
728 1813 808 1878 solio
823 1813 887 1877 dux
901 1813 1028 1878 inclitus
1043 1814 1156 1892 armis,

320 1919 385 1982 Ter
400 1917 453 2008 qui
471 1935 620 1984 centenas
636 1918 782 2009 implebit
802 1919 932 1984 nomine
946 1935 1064 2007 partes.

320 2024 494 2113 Regnabit,
508 2024 649 2113 lateque,
668 2042 756 2113 patet
768 2048 831 2112 qua
847 2025 982 2089 Thracia
997 2025 1103 2106 tellao,

237 2130 297 2195 150
322 2133 507 2195 innumeras
522 2131 635 2219 perdet
650 2147 762 2219 gentes
778 2159 785 2195 :
804 2148 873 2196 tum
886 2132 1023 2195 barbara
1038 2131 1143 2197 Rheni

320 2237 442 2317 Turba,
457 2235 622 2324 sagittiferi
642 2237 736 2302 simul
748 2236 986 2325 exstinguentur
1000 2237 1100 2303 Iberi.

322 2344 384 2406 Sed
399 2367 475 2407 mox
491 2343 606 2408 ludaeis
623 2343 789 2408 incumbet
805 2342 943 2407 maxima
959 2342 1086 2409 clades:

322 2448 538 2537 Sanguineum
551 2449 647 2515 tellus
663 2448 825 2514 Phoenicia
842 2449 1009 2514 combibet
1023 2450 1171 2527 imbrem,

325 2555 525 2644 Assyriaeque
541 2555 656 2620 cadent
670 2556 771 2627 multo
787 2579 860 2620 curn
876 2555 975 2620 milite
990 2572 1106 2634 turres3

240 2660 300 2727 155
326 2662 388 2751 Ipsi
405 2661 522 2726 iterum
536 2662 682 2751 oppressi
698 2686 781 2727 saevo
800 2664 859 2727 sub
876 2684 950 2751 rege
961 2663 1127 2746 jacebunt.

318 2766 466 2832 Numinis
484 2768 559 2831 inde
573 2766 675 2831 minas
693 2785 872 2832 commotus
889 2768 1005 2833 sentiet
1020 2760 1125 2847 orbis3

317 2876 417 2937 Terra
434 2890 563 2955 tremet,
579 2897 725 2962 saevaque
739 2874 791 2939 lue
810 2875 1019 2946 bacchabitur
1035 2899 1102 2956 aer,

319 2979 554 3068 Intempestivis
569 2979 709 3058 nivibus,
726 2982 907 3068 crebroque
923 2985 1057 3045 tonitru.

283 3104 285 3109 ’
317 3088 401 3150 Tum
419 3110 475 3149 rcx
491 3077 544 3149 ille
561 3102 687 3174 potens,
705 3085 814 3150 medio
834 3087 865 3150 in
884 3090 1057 3150 certamine
1071 3084 1167 3167 belli,

233 3194 295 3258 160
318 3191 425 3256 Gallus
441 3190 655 3280 rnontivagns,
677 3214 856 3280 properans
873 3192 913 3256 ad
930 3191 1053 3256 ludicra
1067 3191 1193 3273 Martis,

317 3301 390 3364 Non
405 3316 527 3363 sortem
543 3297 688 3387 effugiet,
701 3299 759 3363 sed
774 3299 890 3362 acerba
908 3315 1011 3363 morte
1031 3297 1169 3388 peribit3

321 3404 426 3489 Quem
440 3405 533 3469 tellus
549 3403 649 3469 aliena
669 3420 767 3492 teget,
788 3427 950 3493 parvoque
966 3404 1146 3494 sepulcrum

319 3513 444 3577 Nomen
457 3512 581 3575 habens
598 3511 638 3575 de
652 3509 732 3575 flore
746 3510 847 3574 dabit.
896 3510 980 3575 Dein
994 3534 1093 3600 regna
1107 3527 1251 3600 capesset

319 3621 388 3682 Rex
403 3617 495 3695 alius,
514 3617 564 3682 cui
582 3617 671 3682 frons
687 3632 850 3704 argentea,
866 3617 917 3682 cui
934 3641 1021 3682 mare
1033 3641 1165 3701 nomen,

235 3726 296 3791 165
320 3725 450 3815 Syllaba
465 3748 562 3812 quem
576 3723 679 3810 signat
693 3723 891 3812 quadruplex
903 3739 935 3787 et
947 3723 1039 3788 litera
1055 3724 1212 3814 princeps.

320 3830 479 3896 Omnibus
493 3830 545 3894 ille
561 3829 642 3894 locis
660 3853 731 3895 aras
748 3848 780 3895 et
792 3831 911 3920 templa
928 3855 986 3920 per
999 3833 1097 3899 urbes

265 4055 323 4102 151.
341 4049 417 4100 Codd.
435 4047 608 4113 οἶστροὸὀλους
621 4044 641 4095 δ’
657 4045 691 4096 16.
845 4051 901 4106 160,
915 4063 967 4113 sqq.
980 4047 1017 4096 Ex
1030 4046 1059 4105 V,
1076 4049 1117 4105 ta,
1131 4061 1183 4111 sqq.

194 4128 205 4140 '
266 4121 776 4184 152.ctr.111‚tee;1v‚1ot;Vltt‚100.
846 4129 902 4177 161.
913 4123 990 4172 Codd.
999 4123 1025 4171 in
1035 4122 1082 4171 fine
1093 4123 1204 4187 φανεῖται
1214 4136 1354 4181 :noscorr.;

267 4207 322 4254 153.
340 4201 376 4250 Ex
390 4201 438 4258 111,
451 4203 509 4250 392.
811 4199 856 4249 nisi
870 4199 940 4249 malis
953 4200 1077 4263 aapeirtt't,
1092 4216 1123 4248 ex
1136 4197 1200 4247 libro
1213 4196 1243 4256 V,
1255 4199 1296 4246 tt.

267 4283 324 4329 156.
342 4277 390 4326 Pro
405 4275 485 4335 Θεοῦ,
498 4274 564 4323 dedit
575 4272 664 4323 Friedl.
675 4272 777 4330 τούτου,
848 4280 904 4326 162,
924 4276 1006 4325 Codex
1031 4290 1094 4322 uirus
1113 4271 1139 4323 ὃν
1165 4273 1233 4328 κόνις
1255 4269 1361 4324 omittit.

232 4354 295 4405 sicut
306 4353 365 4403 alibi
373 4353 399 4402 in
408 4353 446 4402 his
455 4350 539 4408 lihria3
558 4349 657 4411 sedhic,
665 4357 784 4399 utcontra
817 4367 923 4417 proquo
936 4350 998 4400 alter
1011 4350 1103 4406 εἰκόνες
1116 4365 1122 4399 :
1138 4363 1183 4397 nos
1197 4363 1260 4397 sorr.
1326 4400 1330 4408 b

235 4430 346 4491 codices,
367 4429 401 4480 ita
418 4437 502 4478 contra
515 4437 636 4486 metmm,
656 4426 702 4476 nisi
722 4426 785 4491 legas
854 4430 910 4476 161.
929 4426 1005 4488 Codd
1024 4426 1113 4492 ἀργεὺς
1126 4425 1224 4481 asiaca:
1237 4439 1281 4473 nos
1296 4437 1362 4471 corr.

237 4508 352 4557 αὐτοῦεῑ
365 4505 433 4571 prius
446 4503 558 4554 aclides.
855 4499 908 4545 tue.
924 4492 971 4543 Pro
987 4493 1091 4551 terent,
1107 4491 1188 4558 180018
1202 4506 1271 4551 νοω,
1285 4490 1366 4556 Ῑΰεθῑῑ·
