3186 5310
92 352 215 417 xxxam
538 400 793 475 INTRODUCTIO

93 476 264 659 Ἤῑῐθῑιε
277 507 411 588 aliamve
421 527 464 592 ob
483 554 610 604 causam
624 543 755 628 relicta,
776 564 841 614 tum
856 572 966 615 rursus
980 571 1020 613 ex
1032 543 1223 632 rejectaneis

94 610 273 765 {wsma-
285 617 381 692 Tales
391 653 464 702 sunt
475 644 686 737 pericopaeibi
699 655 838 745 legende
846 642 886 723 de
895 660 1007 722 Romae
1015 653 1219 743 temporibus

140 720 375 877 a,1:⁸’46’ffll‘l
391 759 424 807 et
435 745 475 812 de
490 752 574 821 Belia
592 760 800 848 Antichristo,
814 767 869 845 63,
883 790 952 856 sqq.
970 783 1002 829 et
1014 764 1054 829 dc
1065 762 1157 826 vidua
1171 781 1222 825 re·

96 827 243 992 {Sum}
253 851 319 998 ¹,772
340 866 412 966 Ἦ·
433 877 440 921 :
458 882 528 948 quae
539 867 646 934 omnia
658 873 741 937 male
756 873 840 940 inter
853 899 886 940 se
897 898 953 940 seu
963 871 1071 963 potius
1085 866 1222 935 minime

98 1046 167 1092 me
234 939 557 1059 ‚1branasantiqu0s
566 977 946 1059 eteditoresfefellerunt,
957 980 1125 1071 prologum
1134 977 1222 1040 hunc

100 1132 172 1204 ,(1θο
188 1056 251 1214 g?
313 1079 492 1156 cernentes,
516 1081 571 1148 ubi
590 1109 667 1152 vero
692 1088 854 1154 desineret
869 1090 1066 1179 ignorantes,
1087 1085 1223 1172 ejusque

97 1163 108 1207 ¹
123 1247 144 1316 t,
168 1251 174 1265 .
235 1174 285 1281 θη)
305 1171 403 1241 modo
427 1181 490 1273 hio,
508 1191 606 1260 modo
621 1193 685 1260 illic
706 1213 872 1287 ponentes,
887 1197 1080 1286 plerumque
1094 1207 1219 1270 tamen,

99 1274 231 1339 ⁰¹1⁸¹¹¹
244 1264 379 1363 dlssturn,
395 1312 469 1378 poa
484 1322 515 1364 v.
536 1302 592 1387 62,
611 1306 653 1368 aa
671 1304 858 1372 antichristi
876 1304 969 1370 ueliae
987 1300 1094 1367 uitta.
1125 1296 1221 1362 naua

100 1375 209 1433 mmm
232 1393 342 1503 ‘tt-ex
366 1392 430 1465 hoc
457 1402 572 1474 infelici
596 1412 731 1502 prologo
759 1412 889 1477 malum.
915 1412 992 1497 Ejus
1016 1407 1102 1472 enim
1127 1425 1222 1470 causa

100 1498 191 1603 ΡΨ
205 1502 369 1567 a¹¹¹¹⁸¹11¹us
386 1507 578 1600 Sibyllinum
591 1541 691 1583 unum
705 1518 825 1583 librum
840 1519 1013 1605 integrum,
1028 1536 1122 1603 quem
1134 1533 1223 1576 com·

98 1586 231 1689 p¹l³t0r‚
250 1595 410 1701 decerptis
432 1640 471 1686 ex
489 1621 559 1712 ipso
581 1625 686 1691 multis
712 1624 856 1691 versibus
882 1624 913 1688 in
937 1647 1002 1690 snae
1024 1619 1222 1686 transitionis

48 1785 52 1796 ,
99 1725 208 1830 “fumi
227 1728 339 1796 postea
356 1738 392 1788 ut
407 1723 553 1797 inutilem
569 1756 609 1797 ex
630 1735 696 1823 ipsa
713 1731 904 1798 collectione
920 1743 1149 1821 suppresserat,
1168 1749 1223 1815 pe·

99 1829 241 1888 arturum
252 1818 340 1893 haud
352 1829 461 1915 dubie,
473 1839 555 1906 sicut
567 1865 679 1907 revera
691 1863 729 1905 ex
742 1839 892 1906 omuibus
904 1838 1001 1904 codd.
1012 1835 1151 1916 evanuit,
1162 1832 1224 1899 nisi

100 1932 172 2020 ejus
188 1924 366 2021 ftegmcuta
381 1944 525 2032 quaedam
541 1946 574 2013 in
590 1947 762 2039 Theophili
781 1945 974 2013 Antiocheni
999 1942 1152 2034 operibus
1173 1964 1225 2005 re-

98 2053 194 2138 pertu
217 2059 343 2132 partem
363 2053 457 2119 nobis
473 2079 545 2122 eam
568 2056 682 2122 saltem
703 2072 895 2137 servassent,
915 2077 987 2142 quae
1003 2074 1088 2116 nunc
1111 2050 1224 2114 Prooe·

100 2150 204 2225 mium
217 2169 265 2218 est
276 2155 480 2249 Sibyllinum.
492 2164 540 2230 Sit
553 2165 616 2231 hoc
627 2164 827 2254 aliquatenus
836 2186 895 2253 pro
906 2159 1036 2227 solatio.
1048 2156 1111 2223 Sed
1122 2155 1225 2221 multo

102 2262 176 2356 plus
192 2263 293 2331 solatii
307 2270 445 2354 accedit,
465 2272 565 2339 immo
581 2272 813 2362 gratulationis,
838 2269 927 2361 quod
941 2266 1145 2357 compilator,
1163 2265 1226 2329 ab·

99 2376 187 2462 jecta
202 2371 333 2440 demum
355 2379 461 2446 oneris
479 2381 618 2471 suscepti
632 2379 778 2469 graviore
792 2396 896 2469 parte,
917 2376 1131 2464 abdicatoque
1149 2396 1226 2437 con·

105 2476 219 2547 denda
239 2479 379 2548 historiae
396 2489 538 2575 profanae
557 2487 701 2566 consilio,
725 2509 871 2551 reversus
894 2483 935 2548 ad
955 2481 1101 2561 meliora,
1123 2479 1225 2544 libros

106 2585 389 2676 Sibyllinosistius
407 2594 564 2684 propositi
589 2617 682 2659 causa
708 2609 889 2682 congestos,
918 2614 999 2680 quos
1013 2589 1147 2654 fortasse
1162 2585 1226 2650 mi·

105 2709 183 2759 nuta
198 2692 231 2758 in
247 2695 347 2762 frusta
362 2698 556 2766 dissectnms
574 2716 663 2787 erat,
682 2699 825 2788 integros
848 2696 1021 2763 servaverit
1046 2720 1055 2761 ε
1081 2695 1113 2759 hi
1133 2690 1227 2758 nobis

106 2801 297 2893 Sibyllinum
316 2830 433 2896 eorpus
456 2808 649 2874 hodiemnm
663 2807 870 2888 constituunt,
896 2829 961 2895 quo
975 2804 1036 2869 nisi
1059 2801 1226 2894 perillum

106 2933 299 2978 careremus.
316 2914 380 2978 Pro
396 2939 459 3004 quo
475 2913 644 2993 beneficio,
662 2916 687 2980 si
703 2914 780 3004 quid
792 2912 919 2977 aliunde
934 2913 967 2976 in
981 2910 1137 3002 Sibyllam
1151 2931 1227 2999 pec·

107 3016 202 3098 cavit,
224 3020 316 3084 venia
330 3021 444 3109 dignus
453 3039 512 3088 est.
529 3024 573 3086 Ut
585 3039 675 3112 puta,
692 3021 718 3085 si
731 3021 831 3085 libros
843 3017 937 3083 nobis
949 3042 968 3083 a
982 3041 1016 3083 se
1031 3015 1159 3084 relictos
1173 3038 1229 3079 or-

109 3123 186 3190 dine
204 3124 309 3191 minus
324 3145 411 3193 recto
427 3128 604 3218 disposuit,
629 3152 695 3192 non
711 3144 760 3192 est
776 3126 840 3190 hoc
854 3126 983 3189 nomine
1000 3122 1095 3188 nimis
1112 3120 1228 3187 acerbe

109 3227 337 3297 criminandus.
351 3234 398 3298 Ac
419 3233 554 3298 fortasse
572 3256 612 3297 nc
628 3231 713 3296 istud
728 3229 858 3319 quidem
872 3231 945 3315 jure
969 3228 1029 3317 ipsi
1048 3242 1156 3316 potest
1174 3247 1228 3289 ex·

108 3338 257 3427 probrari
276 3367 283 3404 ε
306 3365 379 3406 nam
396 3341 421 3406 si
436 3341 507 3431 quis
519 3340 655 3406 voluerit
675 3339 749 3403 hinc
763 3338 889 3404 librosl
906 3352 937 3401 et
959 3338 1003 3419 H,
1021 3335 1108 3400 illinc
1133 3334 1176 3396 lV
1196 3347 1229 3396 et

109 3445 199 3529 Vnt,
215 3463 346 3535 propter
370 3448 479 3513 allatas
498 3471 593 3536 supra
616 3470 738 3530 causas,
754 3467 898 3510 seorsum
921 3468 939 3508 a
964 3441 1079 3508 ceteris
1094 3463 1227 3528 ponere,

110 3570 234 3619 ceteros
255 3556 314 3637 lll,
333 3564 348 3637 5
367 3580 385 3620 2
405 3573 437 3620 et
453 3561 484 3638 d,
502 3557 544 3638 V,
563 3558 619 3634 Vl,
640 3558 714 3637 Vll,
734 3556 792 3639 xl,
818 3555 898 3635 ΧΠ,
916 3552 1007 3632 ΧΙΙΙ,
1029 3551 1118 3632 xlv,
1142 3549 1229 3612 inve-

109 3661 176 3725 niet
200 3685 219 3727 a
242 3663 415 3729 collectore
438 3687 505 3727 uon
533 3663 615 3728 mule
636 3661 820 3752 dispositos.
850 3663 884 3724 ln
899 3683 1024 3725 summa
1047 3657 1166 3748 gratias
1185 3654 1229 3720 illi

109 3766 232 3834 homini
252 3793 347 3860 agere
362 3771 461 3861 magis
477 3794 574 3861 quam
588 3770 678 3835 litem
689 3792 820 3835 movere
831 3790 958 3857 aequum
975 3782 1035 3832 est.

175 3939 252 4010 XV.
276 3942 323 4005 De
341 3942 520 4030 archetypas
537 3940 731 4004 collectionis
750 3963 790 4002 ac
806 3939 845 4002 de
864 3936 1007 4002 codicum
1030 3956 1162 3998 tatanus·

475 4057 645 4137 rriptorum
660 4055 862 4113 auctoritate.

152 4202 345 4292 Archetypis
359 4200 556 4267 collectionis
570 4199 630 4288 (sie
646 4198 734 4264 illam
751 4221 832 4262 voco
846 4219 916 4286 quae
929 4218 946 4260 a
961 4210 1144 4258 nostrornm
1160 4216 1231 4258 car·

106 4308 231 4375 minum
258 4309 442 4376 ordinatore
467 4325 572 4374 creata
602 4305 663 4396 est)
689 4322 810 4370 tantam
844 4303 942 4368 luisse
969 4318 1094 4367 constat
1115 4304 1183 4389 jam
1209 4322 1227 4363 a

106 4415 217 4507 primis
234 4418 434 4507 temporibus
449 4415 684 4495 auctoritatem,
698 4429 733 4479 ut
746 4435 849 4501 neque
863 4410 1010 4475 aemulam
1024 4409 1121 4474 ullam
1135 4431 1229 4492 repe·

106 4521 194 4606 rerit,
218 4540 250 4588 et
267 4523 368 4590 libros
385 4523 540 4611 singulos.
567 4538 785 4612 quotcumque
800 4517 891 4609 prius
912 4515 1071 4583 cursitare
1092 4536 1154 4605 per
1170 4517 1231 4580 ho·
