3186 5310
137 398 222 485 ann
258 435 260 439 ·
561 425 814 488 mnouucrro

138 544 370 645 longissimum,
385 555 549 644 56-149,
561 557 661 624 textui
680 560 762 625 male
778 558 942 640 insertum,
954 559 1005 622 vix
1024 575 1129 624 tamen
1146 574 1255 647 potest

140 666 182 731 ab
198 663 384 730 ordinatore
400 681 468 730 tota
482 689 551 733 esse
566 666 726 757 prosecta3
743 668 798 733 sed
813 666 955 758 plagiarii
972 664 1157 755 antiquioris
1171 666 1255 732 fetus

140 786 201 853 est,
220 770 301 836 sicut
322 773 390 858 jam
413 770 489 837 olim
508 797 526 838 a
542 797 594 837 me
616 773 881 853 demonstratum,
900 797 1010 839 rursus
1021 771 1099 842 alibi
1116 796 1175 836 nec
1190 795 1255 837 uno

140 877 213 944 loco
236 878 477 947 monstrabitur.
503 881 669 948 Postrema
695 897 781 947 certe
805 906 879 972 pars
902 882 942 947 de
962 878 1084 969 judicio
1106 902 1255 970 supremo

142 985 235 1052 unius
250 1003 299 1050 est
314 986 465 1071 auctoris,
482 988 537 1076 qui
552 1012 624 1054 eam
646 1012 663 1053 e
682 989 765 1054 Novi
785 991 872 1057 Test.
889 988 979 1055 libris
994 1004 1094 1053 totam
1112 986 1180 1054 fero
1198 987 1255 1052 de·

142 1109 314 1183 sumptam,
327 1092 446 1183 ingenii
462 1094 579 1184 poetici
596 1095 767 1163 luminibus
783 1096 960 1163 adornavit.
982 1097 1132 1180 Quonam
1148 1110 1255 1160 autem

144 1200 312 1290 tempore?
327 1200 363 1265 Id
377 1200 466 1266 nullo
483 1217 589 1291 potest
607 1201 726 1268 indicio
750 1205 826 1269 satis
838 1221 926 1269 certo
947 1201 1067 1291 colligi,
1085 1201 1144 1267 nisi
1156 1200 1257 1292 potis-

144 1305 261 1373 simum
275 1306 434 1372 tribuatur
451 1307 513 1373 hoo
528 1325 656 1374 carmen
675 1309 793 1376 saeculo
809 1311 857 1379 Ill
869 1311 936 1396 jam
958 1325 1111 1399 provecto
1126 1324 1259 1397 propter

86 1456 89 1460 -
144 1414 296 1505 quasdam
312 1413 501 1504 Origenismi
513 1417 653 1481 maculas
667 1418 784 1508 passim
801 1418 968 1507 inspersas,
988 1415 1162 1505 prasertim
1178 1414 1256 1496 331,

145 1544 216 1612 sqq.
233 1521 387 1611 Epilogus
400 1546 488 1603 vero,
506 1523 583 1605 341,
597 1547 682 1613 sqq.,
693 1524 779 1589 haud
793 1524 890 1589 dubie
901 1525 942 1590 ab
954 1521 1148 1588 ordinatoris
1162 1543 1258 1586 manu

146 1629 314 1720 processit,
335 1647 480 1719 sumptus
493 1653 533 1695 ex
548 1630 623 1696 libri
637 1631 854 1721 Vll-epilogo,
870 1629 1041 1697 attenuatis
1062 1629 1172 1712 modo,
1190 1652 1260 1719 quae

145 1735 244 1802 nimia
258 1735 303 1803 ibi
321 1736 450 1827 Sibyllae
466 1737 718 1829 imputabantur,
736 1736 873 1827 llagitiis.
1235 1747 1239 1755 '

189 1845 231 1909 Et
246 1867 333 1910 nunc
350 1843 521 1933 procedere
544 1860 670 1934 tempus
693 1861 776 1910 esset
798 1845 839 1911 ad
865 1843 985 1910 librum
1007 1845 1068 1928 III,
1090 1850 1105 1923 5
1126 1840 1275 1924 1,viam,

145 1949 266 2042 quippe
277 1967 444 2042 parantem
462 1975 481 2016 a
499 1951 583 2017 libro
599 1954 631 2016 Il
649 1949 881 2040 adsequenda,
900 1949 962 2016 nisi
978 1964 1138 2016 constaret
1158 1963 1261 2014 totum

145 2057 232 2124 istud
253 2056 401 2125 carminis
423 2058 637 2148 fragmentum
652 2081 775 2123 meram
786 2081 855 2123 esse
873 2058 1091 2148 transitionem
1109 2058 1150 2122 ab
1169 2054 1261 2120 ordi-⁴

147 2179 262 2231 natore
292 2165 470 2231 confectam
497 2165 674 2256 praesertim
704 2189 741 2229 ex
773 2166 926 2232 Prooemii
954 2165 1125 2255 Sibyllini,
1141 2163 1262 2229 idcirco

82 2276 87 2286 '
148 2272 234 2339 male
249 2273 422 2363 suppressi,
437 2273 571 2357 laciniis,
587 2290 623 2340 ut
638 2273 720 2339 inira
740 2274 840 2364 magis
855 2274 989 2364 patebit.

371 2440 436 2512 XI.
466 2448 512 2511 De
533 2449 607 2511 libri
632 2447 666 2509 V
663 2445 718 2510 111
722 2448 869 2536 partibus
888 2448 938 2530 §3
959 2464 991 2514 et
1006 2453 1039 2527 al.

192 2600 286 2665 Paene
301 2599 530 2690 parentheseos
541 2601 613 2667 loco
627 2601 681 2668 hic
700 2601 858 2691 agendum
880 2602 921 2667 de
938 2600 1011 2665 libri
1020 2601 1096 2666 VIII
1106 2598 1262 2690 partibus,

149 2713 165 2788 5
178 2706 197 2772 3
209 2721 242 2771 et
256 2711 287 2791 4,
302 2729 403 2809 unum
415 2707 523 2797 potius
537 2707 729 2798 singularem
745 2707 958 2773 efficientibus
969 2706 1099 2787 librum,
1118 2731 1226 2797 quern,
1239 2705 1265 2771 si

115 2831 116 2834 ’
148 2812 272 2895 liceret,
289 2813 441 2903 quoniam
459 2831 582 2903 partem
598 2815 716 2898 octavi,
736 2823 797 2898 52,
815 2839 937 2881 nonum
954 2813 1059 2879 vocari
1075 2815 1192 2880 librum
1206 2837 1266 2877 nu÷
1361 2880 1365 2886 ,

148 2943 207 3011 per
219 2920 300 2987 mihi
311 2921 470 3011 placebat,
490 2923 650 2989 decimum
667 2923 774 3013 ipsum
790 2922 926 2988 libenter
940 2922 1148 3013 appellarem,
1165 2937 1201 2986 ut
1216 2944 1268 2986 va·

150 3051 228 3094 cuus
248 3027 281 3093 in
300 3028 456 3119 Sibyllina
476 3030 665 3096 collectione
684 3030 774 3096 locus
792 3030 991 3119 impleretur.
1010 3032 1199 3119 Quanquam
1214 3027 1267 3092 hic

150 3133 324 3224 Sibyllinus
344 3135 396 3201 vix
414 3155 462 3203 est
482 3137 678 3229 reputandus
705 3164 712 3201 ε
737 3160 841 3226 neque
866 3136 952 3201 enim
977 3135 1182 3214 vaticinium,
1210 3135 1265 3200 sed

151 3240 290 3328 hymnus
317 3257 377 3322 est,
398 3241 534 3331 vqualem
559 3242 625 3309 lere
648 3241 771 3307 librum
793 3258 936 3324 sextum,
965 3241 1147 3308 breviorem
1170 3239 1264 3321 licet,

151 3348 391 3414 observavimus
407 3373 514 3440 supra,
533 3375 567 3441 p.
584 3373 671 3418 xxvr.
692 3349 753 3414 Hic
770 3348 889 3437 pariter
904 3349 1075 3415 inlaudem
1090 3348 1149 3413 Dei
1165 3345 1268 3412 Patris

155 3472 188 3522 et
203 3455 263 3521 Dei
275 3454 348 3521 Filii
377 3444 588 3547 compositus,
617 3456 739 3522 utinam
768 3458 894 3548 integer
908 3457 948 3522 ad
971 3480 1030 3521 nos
1056 3455 1264 3545 pervenisset!

150 3560 279 3628 Inllexae
306 3561 392 3628 enim
430 3581 504 3653 post
539 3587 636 3629 aeram
667 3580 811 3629 nostram
844 3587 954 3653 graecse
985 3585 1119 3654 poeseos
1152 3585 1269 3626 monu-

150 3687 295 3763 mentum
328 3695 428 3737 uaum
464 3697 530 3762 prae
563 3669 677 3737 ceteris
702 3664 896 3737 haberemus
927 3671 1079 3736 orationis
1113 3669 1269 3761 elegantia

150 3776 372 3867 conspicuum,
394 3779 481 3867 quod
504 3777 633 3868 optimis
655 3776 740 3842 illius
766 3776 824 3842 aevi
849 3779 1050 3867 poematibus
1071 3792 1104 3841 et
1130 3773 1268 3841 conferri

150 3885 312 3976 plerisque
333 3903 366 3951 et
381 3886 490 3950 multis
503 3884 646 3976 praelerri
665 3901 784 3974 posset.
802 3886 943 3978 Sagiptor
959 3885 1104 3973 ignotus3
1129 3883 1185 3948 sed
1202 3884 1269 3972 Op-

150 3992 260 4082 piano,
277 3992 327 4058 cui
341 3993 476 4058 fortasse
491 4016 609 4082 suppar
624 3991 696 4078 fuit,
713 4016 765 4058 me
780 3991 908 4082 quidem
921 3991 1041 4079 judice,
1056 3990 1268 4082 praestantior,

149 4100 289 4191 primum
313 4101 385 4189 styli
409 4116 500 4166 motu
524 4099 579 4190 qui
605 4100 689 4189 apud
717 4100 900 4190 Oppianum
925 4101 1031 4165 nullus
1047 4116 1123 4174 est;
1155 4097 1270 4163 deinde

151 4206 324 4271 verborum
353 4206 491 4287 delectu,
515 4230 582 4271 non
608 4222 644 4271 ut
671 4205 757 4296 apud
777 4204 881 4285 illum',
911 4223 1044 4297 propter
1066 4204 1197 4270 nimiam
1219 4227 1270 4267 ar-

151 4312 284 4378 cha'lsmi
300 4314 522 4399 ambitionem,
539 4315 677 4379 obscuro
699 4336 782 4403 saepe
801 4331 833 4378 et
849 4314 931 4379 duro
948 4331 980 4378 et
995 4313 1165 4379 infeliciter
1181 4311 1271 4376 labo·

149 4419 248 4485 rioso.
268 4421 387 4486 Nonno
405 4421 524 4510 potius,
541 4421 600 4485 nisi
613 4436 703 4485 tanto
719 4421 808 4509 prior
825 4438 930 4502 aetate,
948 4420 1125 4510 comparari
1139 4437 1246 4510 posset

149 4551 187 4592 ac
218 4527 326 4594 nescio
350 4552 391 4593 aa
426 4527 514 4593 illur'n
539 4527 636 4594 vincit
664 4527 818 4594 orationis
852 4527 976 4593 minore
1010 4527 1114 4606 fastu,
1150 4530 1272 4614 majore
