3186 5310
545 423 821 489 SlBYLLlNORUlll
840 426 912 487 LlB.
935 425 999 487 xtt.
1278 421 1335 481 aet
1441 466 1444 482 .

313 562 489 627 Defunctus
500 558 585 643 fatis,
601 581 710 624 manes
724 558 896 625 descendet
908 559 948 625 ad
962 558 1057 624 imos.

356 667 590 757 Quinquaginta
605 666 721 732 dehinc
735 667 788 756 qui
800 666 931 732 nomine
945 667 1062 754 signat,
1078 662 1180 728 adibit

317 775 503 865 Imperium,
517 771 565 836 vir
581 795 694 855 saevus,
707 789 812 859 atrox,
827 774 987 861 urbesque
1002 794 1060 861 per
1074 792 1185 835 omnes

247 885 289 949 80
311 884 402 948 Clara
413 881 529 970 opibus
541 879 645 969 capita
663 879 825 944 exscindet
838 876 1086 968 quamplurima,
1099 871 1228 965 sei-pens

311 988 462 1067 Callidus,
475 986 623 1075 improba
636 1008 739 1068 mens,
752 988 887 1052 verbum
898 988 1006 1068 breve,
1019 983 1136 1074 pollice
1147 1002 1240 1045 verso

314 1095 503 1160 Interimens
516 1094 676 1176 homines,
691 1093 814 1182 agitans
829 1094 1013 1171 certamina,
1034 1114 1157 1168 currus,

312 1204 433 1266 Cuncta
445 1201 551 1266 ferens
563 1202 765 1290 rapiensque,
777 1200 857 1266 nihil
871 1199 924 1290 qui
935 1200 1057 1289 linquet
1071 1198 1229 1263 inausum.

314 1312 344 1374 Is
359 1326 503 1374 montem
515 1307 616 1373 findet
628 1308 798 1390 bimarem,
812 1308 976 1397 tingetque
987 1330 1118 1384 cruore3

250 1418 290 1482 85
315 1417 502 1505 ltalicasque
518 1432 643 1505 premet
657 1412 775 1504 duplici
789 1416 848 1479 sub
865 1413 1009 1503 pondere
1026 1429 1149 1501 gentes,

315 1524 418 1610 Seque
433 1522 530 1587 deum
543 1522 688 1610 imponet
701 1520 841 1619 populis,
857 1519 1009 1608 falletque
1025 1518 1181 1583 volentes.

315 1631 380 1693 Pax
392 1645 499 1693 tamen
514 1628 548 1693 in
565 1628 656 1693 terris
668 1628 723 1693 illo
736 1644 889 1716 regnante
901 1626 1033 1716 vigebit,

314 1736 550 1825 Subsidentque
563 1752 650 1800 metu
663 1735 811 1800 mortalia
826 1735 933 1801 corda.
951 1737 1125 1799 Remotum

315 1842 428 1907 Victor
440 1843 479 1908 ad
493 1845 672 1926 Oceanum,
687 1842 826 1908 instabili
845 1842 1002 1908 remeabit
1018 1843 1059 1906 ab
1074 1839 1169 1905 unda.

183 2020 188 2031 Ι
250 1974 292 2037 90
315 1951 437 2014 Cuncta
449 1949 548 2014 oculis
565 1948 819 2038 circumspiciet;
835 1947 1012 2013 certamina
1028 1946 1146 2036 passim

314 2055 511 2142 Praemiaque
523 2054 666 2119 instituet
677 2053 823 2143 populis3
843 2054 979 2118 certabit
993 2052 1105 2141 etipse

316 2164 404 2225 Voce
420 2161 558 2250 lyraeque
573 2184 667 2243 sono,
683 2159 901 2226 modulamine
918 2159 1020 2224 clarus
1035 2175 1182 2246 utroque.

316 2268 379 2333 Sed
391 2266 491 2356 fugiet
504 2266 646 2345 tandem,
661 2265 752 2356 regni
767 2266 920 2355 spoliatus
934 2265 1078 2347 bonore,

318 2376 360 2437 Et·
369 2373 465 2437 miser
479 2373 576 2437 exitio
595 2371 682 2461 turpi
698 2372 817 2437 scelera
829 2375 938 2436 omnia
957 2371 1068 2436 solvet.

252 2481 293 2567 95
362 2482 441 2544 Tres
454 2474 545 2544 illum
559 2479 730 2567 excipient,
748 2502 886 2568 quorum
897 2478 962 2543 duo
974 2476 1105 2542 nomine
1120 2490 1224 2563 partes
1272 2477 1277 2499 “

318 2589 470 2677 Septenas
486 2587 604 2668 decies,
622 2604 686 2652 tres
703 2603 828 2652 tantum
841 2585 953 2652 tertius
964 2585 1089 2675 implet.

318 2696 525 2782 Regnabunt,
540 2717 674 2782 seseque
691 2693 724 2757 in
737 2710 848 2759 mutua
866 2693 977 2758 funera
991 2691 1137 2774 trudent,

319 2799 473 2865 Ludibrio
485 2799 753 2865 Martis'violento
766 2817 798 2865 et
811 2799 921 2864 militis
936 2800 993 2864 ira.

364 2906 446 2971 Hinc
458 2906 538 2971 alius
554 2906 673 2986 veniet,
687 2907 789 2971 clarus
801 2907 895 2971 nimis
907 2906 960 2970 ille
972 2907 1100 2995 piorum

236 3036 296 3075 100
320 3013 466 3095 Excidio,
480 3030 633 3102 praestans
645 3013 770 3095 animis,
789 3012 938 3101 belloque
956 3011 1154 3088 tremendus,

320 3119 457 3184 Nomine
471 3119 525 3208 qui
538 3134 664 3207 septem
675 3117 811 3182 decadas
824 3118 1010 3190 manifestus
1026 3117 1170 3181 babebit.

319 3226 435 3291 Perdet
449 3225 634 3302 Phoenicen,
652 3241 683 3289 et
698 3241 729 3287 te
747 3248 890 3313 quoque,
909 3223 1023 3312 Lydia,
1040 3222 1164 3313 perdet.

320 3333 478 3422 Depascet
489 3331 595 3421 gladio
609 3348 701 3395 terrae
716 3328 916 3420 Solymitidis
927 3353 1020 3418 agros

233 3531 325 3582 Oceani
338 3531 426 3591 litore,
441 3535 537 3598 syntaxi
559 3535 618 3584 licet
643 3534 775 3598 intricata,
809 3533 939 3584 decontra
951 3543 1056 3584 metmm
1066 3531 1160 3599 aliquid
1166 3540 1262 3600 poccat3
1273 3541 1355 3582 nostra

231 3607 304 3658 ettin
322 3606 442 3657 Nemnem
456 3609 572 3659 translato
593 3626 664 3659 sensu
686 3610 729 3674 qui
746 3609 776 3657 li·
812 3619 891 3659 tamen
904 3610 989 3659 levius.

231 3681 307 3732 broV
319 3683 350 3732 ad
359 3683 488 3734 Claudium
502 3695 567 3736 recte
576 3684 722 3751 pertinebat.
741 3685 777 3734 Ex
844 3688 884 3735 at.
905 3684 981 3734 Codd.
1000 3701 1048 3733 una
1068 3700 1127 3734 voce
1147 3685 1280 3740 ἑπάλλυδις.
1297 3683 1354 3732 Fre-

232 3757 316 3807 eodem
329 3759 383 3807 loco
397 3761 459 3807 male
473 3761 535 3811 lecto
550 3777 595 3827 pro
607 3760 718 3825 ἄμπωτιν
736 3778 777 3810 ac·
811 3777 887 3826 quens
899 3776 958 3809 tero
971 3761 1035 3826 apud
1050 3770 1132 3826 poetas
1141 3771 1234 3811 nostros
1244 3770 1296 3809 tum
1311 3759 1354 3809 ἆ).-

233 3835 298 3898 cepit
315 3834 400 3883 Noster
408 3834 509 3895 ἄτοπον,
523 3834 681 3886 «instabilem
693 3859 715 3901 u,
731 3836 777 3885 nisi
810 3838 884 3892 λυδις,
902 3837 956 3884 adv.
971 3852 1027 3885 cum
1042 3837 1113 3892 uilloc
1126 3836 1163 3885 rel
1174 3836 1255 3899 ἄλλον,
1271 3845 1300 3885 ut
1316 3852 1356 3885 su·

233 3908 351 3971 fallimur,
365 3910 390 3959 id
403 3920 453 3967 est,
466 3911 618 3977 reciprocum
637 3922 720 3962 testum
740 3912 777 3960 in·
811 3929 865 3978 pra,
880 3911 921 3961 xt.
938 3914 995 3961 tta.

233 3983 350 4048 telligeus.
847 3990 886 4036 tt.
905 3987 953 4036 l‘ro
968 3980 1022 4036 claci
1036 4004 1083 4046 τις,
1104 3985 1174 4036 codd.
1191 3980 1246 4035 εἶτα
1258 3986 1302 4045 τός
1316 3986 1358 4036 sed

270 4062 309 4108 90.
329 4061 379 4109 Cir.
396 4061 536 4120 vt11,156,
550 4061 655 4125 ubijum
672 4061 780 4112 occurrit
814 4061 905 4120 ridell,
920 4065 962 4112 36.

234 4135 378 4184 παπταίνων
403 4136 433 4184 de
459 4135 555 4184 Nerone
578 4152 584 4185 :
605 4151 689 4184 rursus
716 4135 780 4183 idem
850 4142 905 4188 100.
926 4139 1003 4188 codd.
1028 4139 1168 4203 ἀγχίπαλος,
1188 4139 1269 4203 ignota
1288 4154 1356 4193 voce.

237 4209 268 4256 de
288 4208 372 4266 AEnea,
386 4210 429 4268 lll,
452 4214 508 4270 150,
520 4220 544 4260 et
553 4225 637 4258 rursus
650 4211 680 4258 de
692 4209 780 4269 Xerxe,
815 4223 839 4262 et
850 4213 876 4261 in
891 4211 938 4261 bne
952 4214 1022 4279 ἀνήρ.

237 4281 297 4331 ibid.
319 4290 374 4346 181,
388 4297 483 4352 gratum
504 4303 560 4352 ergo
581 4285 683 4336 verbum
701 4285 781 4352 Sibyl·
851 4289 905 4335 tot.
922 4288 959 4335 An
968 4288 1055 4352 Συρίαν
1065 4286 1201 4351 legendum,
1211 4294 1289 4333 metro
1300 4281 1358 4333 licet

238 4357 308 4408 listis.
322 4359 372 4408 lloc.
385 4362 411 4411 iu
424 4378 494 4412 vorsu
504 4380 548 4428 pro
562 4364 584 4411 τ’
596 4361 667 4411 codd.
677 4361 780 4411 alterum
814 4362 908 4411 inrito?
926 4361 1027 4410 Videtur
1042 4370 1122 4410 autem
1137 4359 1249 4409 Phoenice
1264 4357 1359 4423 bicpro

238 4432 260 4479 δ’
282 4431 386 4492 babent,
412 4454 462 4487 uon
487 4438 521 4486 ita
532 4447 607 4488 recte.
814 4437 896 4488 ludaea
909 4437 977 4502 poni,
990 4447 1017 4487 nt
1027 4436 1096 4495 inira,
1111 4440 1157 4487 105
1166 4445 1190 4485 et
1205 4437 1258 4484 153.

273 4512 315 4558 96.
333 4510 408 4560 codd.
425 4513 594 4577 ldocpntovt'.
606 4512 723 4577 ,Utraque
735 4512 782 4560 leo
848 4516 904 4562 103.
924 4512 1000 4562 Codd.
1012 4512 1048 4562 ἐπ’
1062 4505 1250 4576 ἱεροσολυμηΐδα
1262 4526 1286 4571 γ.
