3186 5310
257 379 316 441 316
757 379 872 440 NOTAE

255 511 340 562 mentis
351 512 514 563 infelicissime
526 514 638 564 multavit.
658 513 691 563 Ut
699 526 757 562 sero
767 513 799 561 sd
830 513 956 580 scriptum,
979 518 1062 582 qusles
1074 518 1168 584 sliqnss
1184 518 1249 569 inira
1262 520 1377 585 legemus,

256 586 375 657 Sibyllina
388 589 693 651 redesmuqconsulendus
702 589 732 638 de
742 603 799 638 nos·
829 599 885 656 post
897 605 993 641 versum
1007 596 1058 644 300
1079 603 1104 644 et
1125 592 1194 644 alibi.
1215 595 1263 644 llic
1278 594 1376 662 qm'ders

254 672 296 715 tro
312 664 400 732 gripho
420 665 554 731 presertim
573 663 700 715 Fabricius
719 664 799 713 111Βί-
831 665 946 716 vellemus
957 667 992 716 sic
1005 667 1056 718 iere
1071 668 1186 736 scriptsm
1200 688 1206 719 :
1222 663 1288 720 Else
1298 686 1374 720 snse-

253 739 344 791 biioth.
359 740 438 792 Grec.
449 751 510 791 tom.
519 740 540 800 l,
551 756 607 808 pag.
616 742 675 803 200,
689 748 737 790 vet.
747 739 798 802 ed„
828 740 951 804 λέγεταιή
966 743 1069 794 tidelis
1079 746 1122 802 τὰς
1136 744 1276 809 μελλούσας
1298 747 1324 796 Ιν
1337 747 1375 808 ἡ

255 816 409 882 conjectures
419 816 550 882 diligenter
558 814 800 866 enumersnsmulto-
831 817 919 883 ιιὸομφ
928 819 1074 881 γενήσεσθαι
1086 821 1210 885 βασιλείας
1216 822 1273 877 τοῖς
1287 819 1372 883 persii

252 906 309 941 rum
320 900 379 943 unte
393 908 419 942 se
433 891 561 942 doctorum
573 908 579 942 :
591 891 752 952 recentiores,
772 899 800 940 nt
830 893 925 954 γενεαῖς
938 896 985 949 luc
998 896 1043 954 τῆς
1055 896 1169 955 δεκάτης,
1188 896 1220 955 ἢν
1239 896 1373 960 φηοιιὫι

253 982 299 1034 psr
310 976 379 1030 erst,
390 967 455 1018 istud
468 967 593 1034 problema
606 967 773 1033 neglexerunt.
829 967 908 1026 λήνων
923 966 1023 1019 ἔσεσθαι
1043 970 1085 1019 καὶ
1110 971 1253 1035 Ῥωμαίων,
1266 962 1373 1046 loisel

288 1044 345 1107 150,
358 1057 413 1109 sqq.
432 1043 467 1094 lle
480 1042 651 1111 predicstione
664 1040 749 1092 Noemi
763 1040 799 1090 ni·
829 1045 981 1106 φανήσεσθαι
994 1045 1037 1094 τὸν
1055 1046 1162 1112 incipe
1178 1046 1252 1110 ἡμῶν
1265 1045 1377 1110 ΧριοτὸΙ

250 1114 289 1169 hil
301 1116 329 1168 in
341 1117 437 1170 frenesi.
456 1116 556 1169 Certum
576 1127 707 1167 esttamen
726 1115 799 1165 luisse
828 1119 966 1183 προμηνύει
987 1120 1094 1183 λέγουσα
1113 1121 1181 1180 τάδε,
1203 1122 1241 1180 dil
1259 1121 1319 1170 τότε
1331 1120 1371 1169 ssl

250 1192 425 1280 rpudludeos
438 1194 564 1260 entiquum
577 1194 608 1242 de
622 1209 651 1243 es
673 1208 700 1242 re
721 1189 797 1240 tradi·
829 1194 944 1257 μεγάλοιο
965 1194 1032 1245 θεοῦ
1045 1197 1111 1253 παῖς,
1126 1213 1151 1245 ιι.
1168 1213 1192 1245 τ.
1205 1197 1228 1245 λ.
1251 1194 1322 1257 Quod
1336 1195 1371 1245 ls-

250 1267 359 1327 tionem,
376 1285 451 1336 quem
471 1269 551 1320 obiter
564 1268 642 1335 tangit
661 1268 732 1316 dirus
750 1265 796 1314 Pe·
827 1266 879 1316 tine
898 1277 1070 1320 verteremus.
1084 1270 1171 1321 «inde
1186 1280 1298 1321 recenset
1317 1269 1371 1335 [Si-

250 1353 313 1405 trus,
327 1344 398 1412 epist.
413 1344 450 1405 ll,
465 1360 519 1411 esp.
536 1348 565 1408 2,
581 1359 605 1394 ι.
623 1346 652 1402 5,
676 1341 796 1391 Noenum
827 1341 906 1409 bylls]
920 1342 1033 1394 hsturss'
1026 1360 1052 1394 m
1068 1346 1371 1411 nnntosegsornnsse·

249 1436 339 1471 vocsns
360 1421 518 1479 δικαιοσύνης
537 1421 653 1487 κήρινα,
669 1414 796 1483 «justitie
827 1419 946 1469 cessiones
965 1435 1041 1486 imque
1057 1422 1089 1471 sd
1103 1421 1224 1473 doeimsm
1239 1419 1370 1487 gande

249 1510 422 1562 preconem».
442 1495 534 1545 Eodem
556 1493 656 1561 respicit
677 1491 796 1557 iosephus
826 1508 892 1553 nem,
905 1510 979 1561 quem
991 1495 1260 1562 praetermissum
1278 1494 1332 1547 iore
1345 1505 1371 1545 st

248 1569 388 1630 historicus,
411 1571 495 1636 dntiq.
520 1568 540 1633 1,
564 1586 617 1636 cap.
639 1573 664 1620 3.
686 1567 795 1633 Respicit
825 1567 1023 1633 llomsnernm,
1015 1587 1102 1637 mqns
1119 1570 1370 1636 signidcstoriturnn

249 1645 323 1697 etism
352 1646 503 1713 Theophilus
532 1645 562 1694 sd
596 1643 709 1709 Autolye.
741 1641 792 1700 ΙΙΙ,
825 1644 980 1696 servatorem
1004 1655 1120 1696 nostrum·
1136 1646 1218 1696 iesum
1235 1646 1368 1706 sshmstum,

247 1736 304 1788 pag.
319 1724 379 1786 129,
394 1738 484 1773 nomen
505 1719 658 1771 Deucalionis
676 1719 735 1768 inde
747 1717 793 1766 iin-
823 1719 860 1768 its
873 1721 992 1785 loquem:
1007 1719 1069 1770 Tum
1081 1722 1180 1772 demum
1192 1720 1369 1787 venansque

248 1808 305 1862 gens
321 1797 462 1861 deductum,
476 1805 612 1862 tanquam:
626 1798 704 1844 Δεῦτε
725 1794 794 1843 καλεῖ
824 1794 897 1846 Putre
907 1806 989 1856 nutus,
1001 1807 1051 1847 ete.
1063 1817 1077 1842 s

247 1873 335 1936 ὑμᾶςό
349 1873 412 1930 Θεὸς
421 1874 455 1931 εἰς
469 1871 611 1936 μετάνοιαν,
625 1869 742 1928 «Venite,
754 1867 793 1916 in·
859 1874 922 1932 010,
945 1887 999 1938 sqq.
1018 1872 1053 1922 lle
1074 1871 1132 1922 lesu
1151 1871 1262 1933 nomine,
1283 1884 1370 1922 nume·

248 1948 310 1999 vitet
323 1960 365 1999 vos
377 1946 442 1998 bens
453 1944 484 1997 sd
500 1945 669 2014 poenitentium
682 1964 707 1993 ν.
720 1943 794 1993 sutis
823 1961 878 1996 rum
894 1949 942 1998 090
955 1963 1024 1997 more
1035 1962 1113 2013 pmcn
1131 1947 1285 2006 oontissmte,
1305 1945 1372 1998 Bois

247 2020 418 2081 Friedliebius,
433 2022 472 2071 vir
481 2023 577 2082 doctiss,
591 2022 618 2071 in
632 2019 740 2069 editiosm
750 2034 793 2068 sus
823 2020 987 2082 Venerabilis,
1010 2032 1141 2073 eonmsent.
1154 2021 1167 2073 1
1179 2021 1205 2071 in
1219 2021 1291 2083 lue,
1305 2037 1370 2072 esm-

248 2096 432 2165 Sibyllinorum,
443 2096 533 2149 introd
545 2112 599 2163 pag.
615 2095 667 2154 xv,
681 2095 732 2160 ejus
742 2103 793 2145 us·
822 2095 878 2147 dem
895 2113 967 2166 quem
983 2098 1072 2149 Noster
1094 2097 1201 2148 institutit
1221 2097 1370 2164 supp-noe

246 2171 346 2223 dltionis
358 2171 457 2240 vestigio
471 2172 535 2239 spud
547 2172 709 2222 Talmudistss
721 2184 791 2236 repe·
822 2188 888 2233 nem,
905 2183 980 2238 utque
992 2173 1049 2223 inde
1061 2173 1136 2223 mirus
1150 2172 1226 2223 iniert
1235 2171 1367 2239 slleqoriss

246 2246 291 2298 riri
305 2256 330 2299 et
343 2247 368 2298 in
381 2248 434 2316 ipso
447 2247 580 2299 lichumcti
595 2247 699 2297 Corsno.
716 2244 792 2295 ttobis
822 2247 883 2297 llide
892 2263 964 2315 supra
975 2258 1028 2299 not.
1041 2248 1073 2299 sd
1086 2252 1145 2300 191,

247 2321 345 2389 quidem
365 2324 465 2374 minime
484 2323 588 2373 dubium
614 2332 650 2372 est
673 2319 792 2371 exstitisse
857 2326 915 2374 359,
932 2323 997 2374 Olim
1008 2324 1092 2373 inhoo
1108 2337 1179 2373 versis
1192 2323 1288 2374 mmtin
1302 2338 1372 2373 ειιιο·

247 2398 307 2449 olim
328 2398 497 2466 spocryph'um
516 2397 623 2464 sliquem
647 2397 738 2447 librum
757 2396 792 2446 sic
823 2397 918 2448 tissime
930 2398 1035 2465 Virginis
1053 2415 1105 2449 non
1124 2398 1285 2461 οεοιιπώιῐ,
1307 2407 1369 2448 teste

246 2473 403 2541 inscriptum,
427 2497 439 2520 «ι
454 2474 542 2525 Nodmi
555 2471 751 2540 praedicstionem
766 2492 790 2531 ν,
822 2474 948 2525 Lectsntio
961 2475 1028 2525 hune
1040 2475 1121 2524 locum
1134 2473 1298 2537 mustellis.
1308 2471 1367 2524 lu.

246 2549 389 2601 hodierero
403 2551 437 2601 itu
450 2550 603 2618 deperditum
623 2558 652 2599 ut
669 2547 792 2598 Fabricius
822 2547 863 2608 tv,
883 2565 938 2616 esp.
962 2552 1003 2612 15,
1018 2565 1068 2599 non
1082 2564 1114 2599 cx·
1128 2549 1177 2600 hoc
1195 2559 1278 2599 temen
1292 2548 1368 2613 libre,

245 2625 307 2692 ipse,
321 2642 370 2676 non
384 2627 467 2676 solitus
480 2626 614 2692 quidquem
626 2632 669 2674 sut
680 2624 792 2689 ignorare
821 2624 863 2673 sed
873 2641 904 2674 es
917 2634 1013 2689 cetero,
1030 2624 1096 2688 11111,
1116 2628 1175 2688 m,
1199 2624 1243 2674 ubi
1260 2624 1372 2676 necdum

246 2710 290 2752 sut
304 2701 429 2761 omittere,
441 2700 504 2751 nihil
513 2703 543 2751 de
557 2701 603 2750 isto
622 2700 685 2750 libro
698 2714 791 2749 memo·
821 2710 921 2766 eppnret
935 2701 981 2751 ists
991 2699 1094 2761 mentio,
1110 2709 1135 2750 et
1152 2715 1199 2767 pro
1210 2699 1302 2766 puerili
1312 2699 1370 2751 ssn's

244 2784 292 2840 ret,
310 2792 389 2842 neque
401 2777 468 2826 eliud
481 2776 530 2826 huc
539 2775 626 2826 sileret
638 2790 712 2840 quum
728 2773 791 2839 irsg·
821 2776 950 2835 sententis,
966 2777 1000 2833 ε1ς
1012 2777 1140 2842 neptim
1154 2777 1242 2840 ἁγνήν,
1255 2773 1371 2841 slispro-

245 2860 329 2902 ments
350 2853 445 2919 poetice
463 2866 494 2901 ex
514 2850 553 2900 his
576 2849 667 2900 nostris
687 2849 791 2900 oraculis
821 2848 900 2900 fertur
913 2850 1006 2916 egregie
1017 2851 1043 2900 in
1060 2850 1184 2902 codicibus
1194 2849 1370 2916 Sibyllinisits

244 2925 368 2992 decerpta.
820 2925 929 2990 legende.
940 2929 975 2984 εἰς
987 2927 1157 2985 1λο15αλοῶν,
1168 2926 1206 2976 vel
1218 2925 1286 2992 spud
1299 2924 1367 2975 Lsct.

279 3005 338 3052 201.
356 3001 383 3051 ln
398 3009 479 3069 etymo
494 2999 621 3051 falsissimo
636 2999 704 3050 urbis
725 3000 790 3066 Apu·
820 3002 905 3051 eodem
918 3018 1004 3063 sensu,
1018 3004 1052 3059 ele
1065 3003 1150 3053 liniis
1162 3002 1268 3063 πολλῶν.
1288 3000 1370 3052 insa*

245 3090 305 3126 mee
324 3075 415 3135 Ciboti,
437 3075 564 3126 manifesto
584 3076 619 3126 sic
640 3074 700 3125 olim
719 3075 790 3125 dicte
819 3078 887 3126 venit
903 3076 976 3143 igitur
994 3077 1068 3127 inlsus
1081 3075 1326 3143 uliquisemsndstor
1339 3085 1370 3126 nt

244 3150 277 3201 'ob
290 3152 425 3219 emporium
441 3151 561 3202 mercibus
568 3151 697 3216 frequens,
710 3151 741 3200 sd
752 3149 790 3200 bi·
819 3151 974 3202 sanctissime
986 3151 1091 3218 Virginis
1111 3166 1201 3202 nomeu
1223 3150 1275 3205 bno
1294 3150 1370 3202 inh-

245 3226 320 3278 blicns
331 3239 413 3279 sutem
434 3227 538 3293 origines
556 3227 678 3277 incertum
691 3227 789 3292 qnando
818 3236 865 3277 ret.
882 3227 942 3288 Quis
952 3243 1011 3277 vero
1028 3228 1079 3291 ille,
1094 3224 1144 3278 nisi
1157 3225 1304 3293 eompilstns
1316 3227 1369 3294 ipse

243 3302 281 3352 vel
294 3304 415 3370 quomodo
429 3304 545 3354 traductus
557 3304 581 3366 (u
591 3302 689 3363 iudeis,
704 3301 739 3351 nti
752 3299 789 3348 vi·
819 3301 943 3369 Sibylline
959 3302 1110 3353 collectionis
1128 3301 1271 3354 hodierne?
1284 3301 1369 3363 Quen·

245 3379 326 3439 detur,
346 3378 539 3441 metatoribus),
562 3395 612 3428 non
625 3386 661 3426 est
677 3393 722 3426 cur
742 3375 789 3425 im·
818 3378 979 3443 quampotuit
985 3378 1059 3428 etiem
1065 3378 1167 3445 scriptus
1171 3379 1222 3444 y'sm
1234 3387 1294 3429 ente
1304 3376 1366 3428 sein

245 3469 384 3503 moremur:
400 3454 570 3503 multominus
583 3453 610 3502 in
621 3462 702 3518 etymo
711 3467 789 3517 greco
818 3467 861 3503 suo
875 3452 934 3502 libri
945 3453 1002 3504 lllll
1016 3453 1149 3519 eremplsri
1160 3453 1205 3503 hss
1212 3468 1285 3504 voees
1297 3452 1367 3504 inve·

244 3529 335 3579 montis
345 3530 441 3589 hrarnt,
451 3545 524 3594 quem
537 3528 624 3578 Noster
638 3527 737 3578 deducit
757 3526 789 3576 ab
818 3529 880 3588 nire,
887 3528 959 3587 sicut,
968 3527 1015 3578 nisi
1023 3522 1140 3593 fallimur,
1151 3527 1213 3578 illud
1222 3526 1366 3593 dsuetum,

242 3604 371 3671 ἀρορέναι,
394 3627 406 3650 u
415 3605 510 3672 piscem
519 3624 543 3664 ν,
561 3613 677 3669 tenqunm
696 3601 731 3652 ibi
744 3618 789 3651 nn·
818 3602 884 3662 Vlll,
903 3607 962 3664 951,
973 3620 1021 3670 sq,
1038 3605 1072 3664 ll,
1084 3606 1142 3662 912,
1154 3618 1218 3670 sqq„
1229 3603 1263 3654 de
1273 3613 1368 3672 septu

241 3679 286 3730 ctis
297 3680 451 3739 hominibus,
466 3679 558 3730 Nocmo
567 3679 680 3729 videlicet
690 3680 789 3744 ejusque
818 3678 1113 3746 seculishumsnogeneri
1122 3680 1243 3730 concessis
1255 3680 1367 3746 ejusden

240 3755 441 3821 sociis,quietem
454 3749 622 3822 gratissimam.
646 3753 788 3805 Notabimus
817 3754 922 3820 Virginis
935 3755 1116 3817 intercessione,
1130 3755 1161 3805 de
1174 3748 1223 3823 qus
1236 3756 1368 3822 plurumos

240 3839 337 3881 tentum
357 3833 387 3881 de
410 3832 531 3881 idolorum
558 3830 645 3895 cultu,
671 3829 737 3879 velut
757 3845 787 3878 ex
817 3830 848 3879 ud
862 3830 928 3894 Vlll,
945 3830 993 3879 loc.
1008 3830 1052 3881 cit.

242 3904 345 3972 Phrygis
365 3907 481 3968 oriundo,
501 3916 611 3957 constare
625 3922 707 3956 secum
720 3905 787 3955 hunc
850 3908 908 3969 999,
923 3921 960 3970 sq.
981 3904 1131 3955 Subobscuri
1142 3914 1200 3956 sunt
1213 3905 1297 3956 ultimi
1308 3921 1366 3957 ver-

240 3992 350 4032 nostrum
365 3982 464 4041 librum,
486 3999 570 4049 supra,
585 3986 647 4040 196,
667 3981 787 4045 simulque
815 3981 890 4031 sushi
899 3982 958 4044 duo,
973 3980 1032 4045 quis
1043 3996 1115 4048 poens
1128 3981 1176 4031 ists
1183 3980 1297 4047 gentibus
1307 3982 1367 4033 uni-

241 4073 297 4108 cum
312 4075 341 4108 eo
353 4057 491 4118 librosllll,
511 4062 555 4119 133
571 4058 615 4118 111,
629 4062 685 4116 110,
701 4066 748 4107 etc.
816 4055 891 4107 versis
908 4055 1023 4122 irrogata,
1045 4055 1163 4122 ingentis,
1185 4065 1214 4106 nt
1230 4066 1318 4107 suctos·
1331 4058 1368 4109 sit

276 4136 333 4184 323.
353 4133 410 4184 Post
422 4133 489 4184 hunc
501 4151 598 4184 versum
618 4134 730 4183 lseuusm
747 4149 785 4182 re·
815 4132 932 4183 facinoris
946 4146 1028 4190 censs,
1038 4131 1090 4181 isrel
1101 4131 1364 4200 nerisiensem,

240 4224 297 4258 rum
318 4209 439 4275 ingentem
460 4209 539 4275 quiris
566 4209 648 4259 statim
668 4208 784 4274 agnoscit,
816 4206 1366 4275 queripotestqnocsiminehumsnoqeneri

242 4282 315 4349 quam
328 4301 372 4334 nos
386 4285 411 4335 in
430 4293 497 4335 testu
516 4286 609 4335 edendo
626 4283 699 4350 primi
716 4293 786 4346 note·
816 4284 940 4334 subeunda
958 4283 1002 4346 sit,
1013 4291 1096 4333 utrum
1109 4283 1142 4332 ob
1155 4281 1244 4333 tute:
1256 4283 1368 4335 ustionis

239 4359 325 4410 vimus.
341 4360 459 4411 Miramur
469 4371 552 4411 nutem
562 4378 612 4412 non
626 4360 675 4410 huc
688 4359 785 4426 npposi·
816 4360 974 4416 eversionem,
993 4360 1082 4423 deque
1095 4359 1207 4425 proxime
1216 4368 1301 4410 settim
1314 4371 1366 4425 est,

241 4444 289 4485 tam
308 4453 358 4487 esse
383 4435 550 4487 tmrssitiuncm
577 4451 649 4503 prosa
668 4434 785 4487 'cretione
815 4453 847 4488 sn
861 4436 893 4488 ob
907 4434 999 4485 Christi
1015 4433 1152 4501 pnssionem
1170 4443 1195 4485 et
1215 4450 1313 4499 necem,
1333 4438 1372 4489 ds
