3186 5310
453 419 730 482 SlBYLLlNORUll
753 422 823 481 LlB.
847 423 897 481 Xl.
1177 419 1228 477 aut

203 558 258 619 vae
277 555 349 636 tibi,
367 580 422 631 vae,
443 578 520 644 gens
536 554 645 634 Meda,
662 553 715 617 diu
732 554 890 618 submissa
901 553 1021 638 jacebis

138 663 179 727 65
205 660 395 749 AEtbiopum
414 660 534 750 populo
551 662 685 724 Meroen
702 684 797 748 super
810 684 884 723 arva
902 659 1043 739 tenenti,

203 771 288 833 Dum
304 785 427 856 septem
444 783 636 854 centumque
650 768 691 830 ab
706 766 828 854 origine
843 765 972 829 duxeris
985 789 1097 847 annos,

205 875 316 938 Vincla
334 874 462 938 trahens
476 873 587 949 invisa,
602 876 741 961 jugoque
758 897 908 960 oppressa
924 874 1075 960 superbo.

206 984 296 1046 Tunc
309 981 423 1069 aliquis
442 980 532 1044 fusco
548 980 637 1042 vultu
653 982 801 1067 canisque
819 978 940 1067 capillis

207 1091 275 1151 Rex
291 1089 388 1152 ludus
404 1088 518 1150 veniet.
541 1085 636 1170 Quod
650 1110 715 1149 uon
729 1109 827 1173 genus
842 1085 897 1149 ille
914 1086 1070 1149 malorum

145 1221 186 1282 7⁰
211 1196 296 1259 Bella
315 1212 420 1283 peret
435 1216 557 1282 pugnas
571 1192 698 1281 populis
714 1190 833 1280 infliget
850 1192 939 1257 cois?

209 1305 256 1366 'l'e
272 1326 348 1365 vero
363 1301 519 1390 inprimis,
538 1316 568 1362 te
588 1299 698 1363 sunere
712 1298 825 1386 perdet
841 1302 970 1363 acerbo.

198 1408 272 1474 'Sed
286 1432 385 1496 quum
401 1406 511 1495 viginti
530 1423 625 1494 atque
641 1405 752 1469 decem
768 1406 945 1492 regnaverit
964 1431 1080 1482 annos,

211 1516 252 1576 Et
268 1517 401 1602 septem,
421 1535 592 1600 rursusque
609 1511 733 1590 decem,
753 1530 829 1576 tunc
842 1514 927 1602 regia
943 1513 1045 1577 vincla

216 1623 373 1708 Rumpere
389 1621 479 1709 plebs
496 1620 599 1684 omnis
617 1621 697 1683 miro
715 1622 849 1684 certabit
867 1645 988 1696 amore,

149 1729 188 1814 75
213 1728 443 1816 Servitiumque
455 1745 545 1791 vetus
565 1744 630 1791 tres
644 1727 835 1791 detrectabit
849 1727 880 1789 in
898 1752 1010 1792 annos.

214 1833 277 1924 Sed
296 1851 383 1897 retro
400 1834 518 1911 veniet,
537 1858 707 1922 rursusque
719 1834 858 1898 obnoxia
876 1833 982 1898 ssectet

214 1940 304 2003 Colla
317 1943 393 2029 jugo
410 1965 489 2028 gens
505 1940 621 2029 segnis,
639 1958 671 2004 et
688 1941 849 2029 asperiora
866 1941 987 2004 subibit

217 2050 321 2128 Quam
337 2047 438 2135 prius,
458 2048 615 2135 accipiens
631 2047 715 2110 ultro
730 2048 836 2136 regale
849 2049 1033 2135 capistrum.

260 2154 402 2241 Tempus
415 2152 485 2230 erit,
499 2153 565 2215 lato
582 2176 682 2240 quum
695 2176 756 2240 pax
772 2152 991 2217 dominabitur
1007 2155 1098 2222 orbe.

152 2262 194 2323 80
218 2262 258 2323 Et
274 2275 348 2322 tunc
363 2259 500 2347 Assyriis
516 2257 659 2346 imponet
674 2260 745 2343 jura
762 2257 908 2346 superbis
949 2285 952 2292 ’

218 2366 287 2429 Rex
304 2387 448 2451 magnus,
469 2381 624 2452 cogetque
640 2389 751 2429 omnes
763 2364 816 2453 pia
833 2365 940 2429 dicere
958 2367 1054 2430 verba

219 2475 266 2535 Ac
281 2470 383 2559 legem
397 2494 521 2535 servare
534 2471 592 2534 Dei
608 2499 615 2534 :
635 2470 824 2535 sublimibus
840 2471 930 2535 illum

219 2581 254 2642 ln
271 2579 358 2643 soliis
371 2601 474 2665 reges,
495 2577 634 2642 frontem
654 2578 834 2643 diademate
853 2579 967 2659 cincti,

224 2685 381 2748 Pallentes
395 2684 539 2772 mutique
554 2701 704 2761 trement,
725 2685 842 2772 altique
860 2703 993 2774 satrapae

156 2793 197 2855 85
221 2790 358 2859 Servitio
375 2808 469 2878 caput
482 2788 644 2854 inflecteut
660 2814 668 2855 ι
685 2814 721 2853 ea
736 2794 822 2876 jussa
840 2790 1007 2855 Tonantis.

221 2900 336 2964 Omnia
352 2923 425 2962 nam
442 2899 541 2962 verbo
559 2899 696 2986 subiget,
711 2898 836 2985 sibique
852 2898 958 2961 omnia
974 2900 1102 2965 subdet.

222 3009 305 3071 Tum
320 3006 426 3095 magni
441 3006 574 3070 delubra
589 3005 663 3088 Dei,
679 3005 842 3092 sanctique
857 3006 1025 3070 verendam
1066 3091 1070 3098 ι

222 3114 372 3176 Exstmet
389 3111 498 3176 altaris
519 3111 648 3191 molem,
666 3110 898 3197 simulacraque
914 3134 993 3173 vana

224 3218 358 3304 Dejiciet
376 3247 383 3282 :
403 3218 496 3283 simul
514 3240 609 3281 omne
629 3240 740 3303 genus,
759 3233 912 3304 natosque
926 3232 1096 3304 patresque

158 3348 201 3410 90
224 3324 372 3412 Undique
386 3324 538 3388 collectos
552 3322 692 3386 iucludet
709 3322 865 3386 moenibus
880 3322 962 3389 unis,

135 3522 243 3588 ipsisque
258 3520 361 3587 Assyriis
381 3530 518 3586 acceptum,
534 3519 669 3569 Salomonis
683 3535 786 3586 nempe,
806 3520 874 3585 cujus
892 3521 961 3569 litera
983 3525 1001 3571 Σ
1019 3522 1143 3588 alphabeti
1160 3525 1254 3578 decima

136 3615 232 3664 octava,
244 3621 360 3654 numerus
378 3609 435 3656 200.
451 3633 481 3642 -

173 3781 214 3828 ts.
232 3777 364 3844 Optaretur
381 3778 408 3827 iu
422 3789 510 3828 neutro
523 3780 607 3839 λεῖψαν
621 3797 627 3826 :
641 3779 682 3828 sed
715 3779 764 3828 hoc
777 3780 917 3829 conveniret
929 3797 985 3829 cum
997 3782 1120 3846 δειμαλέοι
1132 3784 1257 3835 καὶάναυ·

138 3853 310 3904 mendumhoc
321 3853 682 3920 estSibyllistissolemnealiss-
716 3854 761 3904 ὀοΙ.
777 3853 827 3904 Clr.
840 3853 912 3908 infra.
931 3857 984 3904 tut.

138 3945 188 3994 que
208 3930 304 3979 anobis
315 3931 365 3995 jam
379 3939 499 3987 notatum,
522 3930 630 3995 neglecto
648 3929 682 3979 sic
750 3932 790 3979 85.
810 3929 888 3978 Codd.
903 3930 994 3978 τούτου
1006 3945 1013 3978 :
1023 3945 1086 3978 corr.
1100 3929 1191 3982 Friedl.

139 4020 226 4070 genere
240 4005 370 4070 prasertim
381 4005 407 4054 in
421 4005 565 4071 participiis.
750 4008 790 4055 86.
810 4005 886 4054 Codd.
901 4006 932 4054 τὰ
950 4006 1031 4053 πάντα
1049 4019 1056 4053 :
1075 4020 1106 4054 an
1125 4008 1211 4057 melius
1229 4011 1260 4060 τὰ

176 4084 215 4130 Π.
234 4080 323 4131 Friedl.
344 4083 471 4149 κρατερῶν
490 4081 572 4146 legisse
591 4098 616 4131 se
633 4083 683 4140 ait,
717 4084 821 4131 ἕκαστα.
832 4080 898 4129 Finis
905 4080 992 4129 deinde
1004 4095 1085 4129 versus
1094 4098 1150 4131 cum
1157 4099 1260 4149 sequen·

141 4156 185 4207 nbi
198 4172 243 4206 uos
256 4159 392 4223 κρατερῶς.
718 4156 748 4204 tis
760 4156 840 4213 initio,
854 4170 930 4220 usque
940 4155 970 4204 ad
980 4169 1069 4204 nomen
1076 4155 1142 4208 Θεοῦ
1156 4173 1261 4224 cumque

177 4234 217 4282 ta.
236 4236 271 4282 Ex
284 4231 330 4292 ΙΙΙ,
343 4236 400 4284 tat.
717 4248 755 4288 eo,
769 4229 833 4296 apud
849 4230 940 4279 Maium
953 4239 977 4279 et
997 4230 1023 4278 iu
1043 4232 1094 4296 ejus
1108 4232 1178 4281 codd.
1199 4233 1262 4282 desi-

177 4311 219 4360 st.
237 4308 314 4358 Codd.
336 4310 483 4375 ὓπερμενέες
502 4310 524 4356 τ’
541 4308 683 4374 sparnaci:
719 4306 849 4357 derabatur
859 4323 865 4357 :
876 4306 981 4355 restituit
991 4305 1263 4359 Fuedt.exttomeensi

143 4399 188 4433 nos
197 4399 262 4434 corr.
274 4383 377 4435 Volebat
391 4384 535 4434 clarissimus
547 4384 573 4433 1..
585 4381 688 4432 Diudorl
718 4382 810 4432 codiee.

144 4459 176 4509 sd
189 4459 219 4510 ΙΙ.
230 4459 267 4511 St.
285 4459 340 4510 Par.
355 4461 511 4528 τερατωποίε
524 4461 565 4509 sed
583 4459 685 4515 frustra,
754 4461 794 4508 st.
811 4458 888 4507 Codd.
898 4459 924 4506 in
933 4457 997 4518 line,
1014 4457 1111 4523 ἐρανὸν.

144 4543 174 4584 ιιι
188 4550 232 4586 nos
248 4537 347 4601 quidem
360 4537 503 4602 opinamur3
525 4535 688 4603 nequeenim
755 4538 795 4583 88.
816 4534 891 4584 Codd.
906 4536 1019 4600 δομήσει.
