3186 5310
488 880 496 917 ,
653 776 920 915 NOTAE

432 1050 524 1109 sive
551 1040 751 1108 rotronis
777 1051 894 1108 onon
919 1036 1157 1109 rostnnrtie'

553 1261 591 1299 AB
612 1261 713 1298 tiseos
734 1261 829 1298 0!le
850 1261 1027 1298 summos.

699 1487 881 1516 ..aon—-

305 1789 343 1828 so
360 1786 517 1827 csoosnnu
533 1786 704 1825 snrmrsnu.
769 1827 772 1831 ,
808 1771 865 1823 tecti
877 1772 1169 1839 ptusminmseritioisto
1182 1771 1229 1822 riri
1243 1781 1351 1825 mim

807 1847 951 1898 orthodoxia
972 1857 1125 1914 prestantes,
1145 1848 1258 1898 nonnulli
1278 1848 1353 1901 edu

270 1928 292 1975 l.
310 1923 457 1976 Prommium
464 1925 521 1989 boc,
535 1924 570 1974 its
580 1923 716 1989 volgo„sed
726 1922 777 1972 sine
807 1921 891 1973 Sancti
904 1923 1001 1982 Panes,
1016 1938 1120 1987 qnorum
1136 1923 1245 1974 omniurn
1259 1916 1351 1975 conlo·

233 2011 334 2051 sumone
345 2001 395 2050 dici
413 2000 525 2059 solitum,
545 2016 596 2050 non
613 1999 663 2049 tole
683 2013 787 2077 semper·
807 2013 863 2062 gom
875 1998 977 2064 protulit
991 1997 1118 2048 Witassius
1129 1999 1160 2049 de
1171 1997 1261 2050 Snnctt
1271 1998 1353 2051 trint-

232 2075 326 2126 exstitit
339 2077 410 2141 quale
420 2092 486 2125 nunc
496 2076 523 2125 in
535 2076 591 2125 odd.
606 2078 676 2137 (nom
686 2090 700 2124 e
710 2073 778 2124 mstis
807 2083 873 2133 tote,
885 2072 974 2132 Quat.
988 2073 1035 2133 tx,
1047 2083 1094 2124 nrt.
1109 2076 1132 2137 1,
1143 2088 1197 2140 pag.
1213 2076 1270 2127 stt.

233 2150 502 2214 obest)ci1eumlertur.
516 2150 641 2215 Quomodo
648 2149 711 2199 liber
719 2150 777 2198 olim
842 2152 866 2200 d.
885 2148 1003 2199 Notabilis
1017 2149 1117 2199 omnino
1128 2148 1288 2201 Luctantiuns
1301 2151 1352 2201 loc·

233 2228 327 2292 integer
339 2228 366 2277 in
379 2226 443 2277 benc
455 2226 568 2277 Prooemii
581 2225 686 2293 speciem
698 2235 777 2275 truns-
807 2223 858 2283 tio,
882 2224 936 2274 llis.
958 2225 1017 2274 lnst.
1037 2224 1079 2284 tt,
1094 2240 1148 2291 cup.
1174 2231 1206 2285 6,
1225 2226 1288 2277 Θεόν
1305 2242 1352 2293 pro

233 2301 302 2363 ierit,
324 2301 431 2368 primum
449 2319 465 2351 ι
478 2303 636 2368 compilatore
653 2301 778 2366 Sibyllina
808 2301 916 2365 βροτῶν,
930 2300 961 2349 de
978 2315 1042 2365 qna,
1063 2310 1179 2365 tanquam
1198 2301 1299 2351 incurios
1320 2303 1352 2351 li·

233 2377 384 2428 collectionis
400 2377 526 2428 mutilttus
545 2387 571 2428 et
590 2378 617 2427 in
633 2377 710 2426 frusto
728 2375 778 2425 dis·
807 2373 883 2424 brerii
896 2375 964 2425 aliud
980 2375 1072 2441 egentis
1088 2375 1245 2442 imputando,
1261 2377 1352 2443 ambigi

233 2462 326 2513 sectum
341 2453 430 2504 ddnde
441 2454 561 2519 neglectos
574 2462 649 2519 stque
661 2451 776 2512 emissus3
807 2449 908 2514 liceret,
929 2449 976 2500 nisi
989 2452 1054 2516 epod
1068 2450 1222 2502 locantium
1241 2452 1354 2503 unanimi

234 2544 288 2580 sero
302 2528 406 2594 denique
427 2545 474 2578 nec
487 2528 608 2579 antehoc
624 2529 673 2578 trin
691 2527 778 2577 seculo
806 2524 1026 2592 manmcriptorum
1044 2542 1162 2578 consensu
1177 2537 1203 2578 et
1220 2528 1297 2579 veteri
1318 2528 1353 2580 ls-

233 2621 265 2654 sx
280 2604 384 2671 repertis
401 2604 504 2654 feliciter
516 2604 655 2670 fragmentis
668 2604 695 2653 in
712 2603 777 2653 hanc
807 2601 858 2652 tine
871 2602 1071 2668 interpretatione
1081 2602 1226 2654 firmentur.
1242 2602 1353 2655 Duorum

232 2695 307 2745 qnam
320 2679 437 2730 babemus
450 2679 552 2730 lormem
565 2679 699 2744 restitutus,
713 2678 777 2728 dixi-
806 2676 881 2742 igitur
912 2678 1045 2728 lectionum
1075 2672 1194 2730 sltemtrs
1223 2679 1352 2731 manifesto

234 2771 287 2805 mus
308 2756 335 2805 in
360 2755 474 2806 editionis
498 2754 587 2822 prioris
612 2755 719 2804 Excunn
746 2753 779 2815 V,
806 2751 867 2802 falso
884 2762 932 2814 αῖς
952 2762 978 2803 st
999 2753 1158 2805 Lictrntisns
1176 2755 1257 2822 potius
1277 2754 1354 2807 inten-

233 2847 287 2896 osp.
302 2834 326 2891 8,
338 2841 363 2881 et
376 2831 403 2880 in
417 2831 491 2896 hujus
503 2828 633 2882 voluminis
647 2830 777 2881 introduc·
806 2828 898 2893 polito,
911 2838 940 2878 nt
953 2827 1018 2888 Filii,
1030 2830 1281 2894 quemhoclococunr
1294 2829 1353 2899 Spi-

231 2906 300 2956 tione
320 2906 352 2956 sd
372 2905 500 2972 Sibyllina.
519 2906 610 2957 Confer
631 2905 778 2972 Argumenta
806 2903 857 2953 ritu
875 2903 991 2954 conlundi
1009 2905 1159 2966 notavimus,
1182 2905 1297 2957 divisim
1318 2920 1356 2958 ss·

232 2980 308 3048 ipsius
318 2979 441 3045 Prooemii,
453 2990 478 3031 ct
489 2981 546 3030 libri
560 2980 633 3047 lll,§
648 2985 669 3031 1.
807 2987 939 3029 trueretur.
963 2977 1013 3029 Nec
1034 2989 1116 3030 umen
1135 2980 1232 3031 videtur
1245 2996 1354 3049 unquam

267 3059 291 3114 b,
302 3072 355 3122 sqq.
365 3056 436 3117 Quod
447 3057 553 3106 diximus
561 3065 586 3106 ct
597 3056 712 3106 adsersus
718 3055 777 3105 doc·
807 3053 960 3118 prevaluisse
978 3070 1007 3102 cs
1020 3053 1154 3120 scripturn,
1178 3056 1271 3122 alioqui
1283 3056 1354 3108 ltcils

232 3132 308 3181 tiores
318 3131 497 3191 contendimus,
503 3130 618 3181 Prommii
626 3130 699 3197 hujus
706 3129 778 3181 initis
807 3127 904 3177 Arionis
916 3130 1072 3194 opponendo,
1088 3131 1154 3196 quod
1167 3147 1183 3181 n
1196 3131 1293 3182 nemine
1303 3131 1355 3184 iso·

233 3206 333 3257 omnino
346 3205 506 3256 christianum
517 3222 610 3273 supere,
622 3207 684 3257 sdeo
693 3221 777 3256 renim
807 3212 860 3252 tum
872 3204 988 3255 occurrit.

232 3291 279 3343 est,
299 3291 329 3331 nt
347 3282 390 3347 qni
408 3282 540 3332 nonnullos
557 3297 587 3331 es
607 3281 645 3332 his
657 3279 776 3339 versibus,
842 3280 882 3329 21.
902 3277 968 3329 Solet
987 3279 1062 3344 objici
1082 3279 1221 3332 christiane
1238 3281 1354 3333 carminis

233 3357 367 3422 presertim
394 3359 420 3417 5,
437 3360 463 3420 6,
478 3359 521 3416 25,
546 3358 589 3415 2⁰,
608 3359 650 3414 tt,
670 3359 712 3415 28,
734 3359 776 3413 ³0,
808 3353 882 3421 hujus
904 3354 993 3421 origini
1019 3355 1218 3407 bocetombsrum
1239 3357 1352 3408 mentio:

233 3432 311 3497 leget,
331 3433 437 3498 relegere
458 3441 528 3498 putet
539 3431 656 3498 evangelii
675 3430 778 3482 lonnnci
808 3446 855 3480 nec
879 3430 951 3497 ponci
973 3440 1030 3481 onte
1050 3432 1188 3492 Briseidem,
1203 3432 1283 3483 virum
1295 3433 1354 3483 doo-

233 3508 340 3574 primum
354 3517 446 3574 ceput,
465 3508 514 3557 nisi
529 3509 604 3574 quod.¹
613 3508 645 3557 sd
658 3506 777 3574 Spiritum
808 3504 935 3569 tissimum,
948 3505 996 3555 hoc
1007 3518 1149 3573 tegumento
1158 3509 1195 3558 usi
1209 3517 1287 3559 erant.
1301 3508 1352 3559 tto·

233 3584 360 3642 Ssnctum,
374 3585 451 3646 γλυκὺ
461 3582 576 3647 Πνεῦμα,
585 3582 719 3650 improprie
735 3582 778 3632 bic
807 3580 909 3630 undum
927 3590 1009 3632 tumen
1030 3599 1081 3633 non
1103 3585 1267 3635 commendari
1290 3584 1355 3636 istud

233 3658 320 3709 relerri
340 3658 528 3725 videnturque
551 3667 649 3708 sanctus
670 3659 776 3724 Aposto·
807 3655 981 3706 sacrificiorum
1012 3673 1101 3724 genus,
1134 3661 1176 3709 sod
1202 3659 1272 3726 queri
1298 3669 1354 3710 tsn-

233 3733 272 3784 lns
289 3735 320 3785 de
339 3733 401 3783 Filio
421 3749 464 3783 seu
484 3734 564 3784 Verbo
580 3733 669 3799 tradit..
686 3733 778 3784 Verum
808 3740 861 3780 tum
874 3741 970 3798 poetam
985 3734 1052 3798 quod
1068 3733 1133 3784 falsis
1155 3734 1290 3786 simulacris
1309 3750 1354 3802 po-

233 3809 298 3859 bsnc
313 3810 416 3859 duorum
429 3824 596 3874 personemus,
624 3810 708 3859 saltem
727 3825 778 3859 ser·
808 3805 856 3855 tius
878 3823 952 3872 quam
971 3824 1029 3858 vero
1052 3809 1103 3859 lieo
1123 3809 1267 3860 offerentur.
1290 3809 1356 3861 Prsi-

233 3901 306 3934 mone
313 3894 392 3944 tenus,
406 3883 661 3952 confusionemprimis
668 3885 778 3935 Ecclesiae
808 3891 874 3932 teron
893 3883 998 3932 multum
1021 3883 1185 3935 hallucinetur
1204 3884 1236 3935 de
1257 3886 1356 3953 primos·

233 3960 385 4025 temporibus
402 3959 524 4023 vulgatam
538 3960 611 4010 luisse
624 3970 717 4010 eertum
729 3970 775 4011 est.
807 3972 894 4007 vorum
906 3957 1100 4011 Christianorum
1111 3961 1232 4025 sensibus,
1246 3962 1290 4028 qui
1301 3961 1356 4013 illos

233 4034 311 4095 Quom
325 4036 391 4102 opud
404 4035 520 4100 quosdam
531 4035 564 4084 sd
577 4035 688 4085 heresim
700 4051 776 4100 usque
807 4042 877 4097 putet
888 4035 973 4083 eodem
986 4052 1034 4101 quo
1048 4052 1092 4086 nos
1102 4036 1159 4085 odio
1173 4046 1294 4088 atemotos
1304 4052 1356 4088 esse

234 4112 377 4176 processisse
386 4110 573 4161 monstrabimus
587 4111 614 4160 in
627 4111 691 4161 notis
702 4112 733 4160 sd
748 4110 778 4160 li·
807 4118 908 4158 cruente
929 4125 1004 4171 sacro,
1020 4126 1073 4175 quo
1084 4111 1126 4161 elii
1141 4112 1289 4172 uiderosslii
1301 4111 1359 4163 ion·

232 4186 290 4235 briis
304 4187 336 4237 vl
348 4196 373 4236 et
390 4187 443 4237 llll.
465 4187 538 4253 Apud
550 4186 678 4253 plerosque
695 4197 777 4237 eutem
807 4181 840 4233 do
858 4183 944 4233 audire
961 4195 1092 4250 potuerant
1109 4188 1136 4237 in
1156 4187 1356 4255 Hierosolymits·

232 4261 331 4312 ridetur
342 4262 408 4313 intre
421 4262 495 4313 verbs
512 4263 621 4313 nondum
640 4264 697 4313 sotis
719 4263 777 4313 deli·
808 4259 938 4325 notcmplo
955 4259 1080 4327 Deiipsins
1089 4263 1157 4328 jussu
1171 4262 1357 4325 celebratum

233 4338 285 4387 nite
298 4338 449 4390 constitisse:
464 4339 503 4389 sin
515 4338 610 4396 mium,
624 4355 675 4390 non
687 4340 778 4406 reperi·
808 4331 913 4398 dicoqui
923 4333 1002 4400 primo
1012 4337 1099 4386 seculo
1110 4337 1262 4388 escuntersl
1271 4352 1357 4388 socom

235 4423 320 4464 rentur
336 4430 381 4480 per
398 4415 448 4466 duo
467 4424 492 4465 et
510 4415 614 4484 emplius
633 4415 720 4466 smnio
741 4414 779 4465 sl·
810 4407 1229 4479 dolucipienletlvebtnt.’lsmqne
1236 4412 1356 4464 dionost-
