3186 5310
596 425 647 484 stt
668 423 880 488 slsstttutt.
1187 438 1294 488 sxxrn

176 556 356 648 legentibus
369 580 433 622 uno
447 556 563 623 intuitu
579 557 814 649 percipiantur:
831 591 846 617 »
863 558 1021 649 simulque
1037 560 1137 626 multa
1151 576 1296 627 recenset

176 686 247 751 quae
259 663 424 753 Sibyllinis
439 688 456 729 e
470 664 560 729 libris
575 664 725 755 colligere
739 665 800 731 sibi
815 667 1018 755 proposuerit
1034 698 1047 724 ι
1065 667 1105 732 ad
1119 690 1293 748 sacrarum,

176 787 212 836 ut
232 770 300 859 ipse
315 771 412 850 dixit,
430 771 592 837 literarum
614 772 832 860 cognitionem
852 774 1044 861 pertinentia
1069 808 1099 854 a,
1115 777 1155 842 de
1171 779 1241 842 Dec
1259 799 1297 843 ae

118 870 128 895 '
175 877 216 945 de
228 896 335 944 sancta
350 879 524 959 Trinitate3
543 881 584 945 de
602 881 819 947 incarnatione
834 882 966 965 Christi,
984 885 1116 973 ejusque
1130 884 1205 966 vita,
1224 907 1298 976 pas·

175 988 277 1065 sione,
292 989 543 1071 resurrectiooe3
560 989 591 1052 in
605 989 678 1067 fine,
692 988 732 1054 de
743 989 850 1055 futuro
859 990 983 1077 jndicio
992 994 1141 1080 justaque
1153 991 1298 1058 omnium

175 1117 247 1183 quae
264 1118 283 1159 a
303 1094 481 1161 viventibus
497 1113 582 1184 gesta
601 1095 719 1161 fuerint
740 1096 971 1179 retributione;
991 1097 1067 1162 item
1089 1100 1128 1165 de
1148 1099 1299 1167 omnibus

176 1202 294 1290 quaein
314 1204 467 1268 Mosa'r'cis
490 1203 609 1268 chartis
633 1204 930 1294 prophetarumque
954 1204 1044 1271 libris
1065 1205 1238 1285 habentur,
1260 1206 1301 1272 de

175 1310 287 1375 mundi
303 1310 465 1376 creatione
478 1327 511 1375 et
521 1310 660 1375 bominis
674 1311 866 1376 formatione
884 1312 1037 1401 primum,
1052 1313 1128 1379 dein
1143 1314 1301 1400 ejectione

175 1417 374 1501 eParadiso,
391 1435 453 1482 etc.
474 1417 559 1487 Satis
574 1442 613 1484 cx
625 1418 675 1483 his
692 1436 780 1508 patet
792 1419 960 1485 consilium
973 1418 1032 1510 ipsi
1048 1419 1190 1509 primum
1205 1421 1302 1487 fuisse

175 1539 211 1588 ut
226 1525 266 1590 ad
285 1525 467 1616 theologica
488 1526 626 1592 maxime
640 1525 835 1592 documenta
850 1526 1015 1616 Sibyllinos
1036 1549 1175 1616 poeseos
1196 1543 1296 1593 atten-

175 1631 278 1714 deret,
299 1657 337 1698 ex
364 1632 465 1723 iisque
491 1657 618 1723 corpus,
645 1651 803 1723 quantum
823 1633 949 1716 liceret,
975 1634 1136 1725 integrum
1159 1633 1300 1700 bistoriae

174 1763 270 1804 sacrae
287 1740 470 1808 conficeret.
489 1742 602 1830 Neque
615 1740 723 1831 inepte
734 1741 769 1807 id
782 1742 888 1831 exegit
901 1740 992 1806 libris
1007 1743 1021 1805 1
1035 1757 1068 1807 et
1079 1743 1124 1823 11,
1141 1740 1200 1805 nisi
1212 1741 1300 1830 quod

175 1844 208 1910 in
224 1845 331 1912 medio
347 1847 431 1912 libro
448 1848 462 1911 l
479 1864 551 1936 post
575 1847 728 1913 diluvium
745 1848 931 1913 universum
950 1846 1097 1912 lacunam
1119 1869 1229 1913 rerum
1249 1846 1299 1912 in-

85 2034 89 2045 ·
173 1972 303 2043 gentem
329 1955 471 2045 reliquit,
504 1973 627 2045 postea,
654 1957 678 2021 si
705 1954 839 2020 materia
864 1971 1060 2044 suppeteret,
1086 1954 1296 2043 implendam.

173 2062 277 2126 Immo
291 2063 396 2127 verius
412 2062 545 2127 materia
561 2087 627 2127 non
649 2062 752 2127 caruit
769 2084 866 2150 quam
887 2061 920 2126 in
935 2060 1023 2127 illam
1037 2060 1184 2127 lacunam
1204 2061 1301 2148 conji-

173 2185 260 2232 ceret
284 2196 291 2232 ε
318 2167 373 2233 sed
399 2168 514 2233 habuit
539 2169 703 2260 copiosam
730 2166 827 2232 nimis
853 2165 1009 2255 copiaque
1037 2165 1295 2252 incommodam,

172 2271 291 2359 quippe
309 2271 391 2335 inter
413 2294 500 2336 sacra
523 2289 556 2337 et
575 2272 712 2362 prolana
738 2270 941 2360 ambiguam,
970 2287 1065 2360 atque
1084 2272 1127 2336 ita
1154 2271 1216 2337 sibi
1236 2273 1297 2338 du·
1371 2315 1374 2322 -

174 2375 260 2439 biam
277 2393 349 2440 utro
368 2377 474 2465 potius
490 2376 562 2442 loco
585 2393 733 2468 poneret.
755 2377 837 2443 Nam
854 2377 931 2442 dum
952 2375 1049 2442 sacris
1072 2376 1215 2468 pascitur
1231 2377 1297 2445 his·

174 2480 264 2546 toriis
286 2500 433 2548 narrator
461 2483 551 2573 quasi
571 2483 823 2565 ecclesiasticus,
849 2499 962 2570 aucta,
987 2499 1022 2547 ut
1053 2482 1109 2562 fit,
1135 2484 1295 2573 epulando

82 2621 89 2641 x
173 2586 270 2671 same,
303 2589 390 2656 aliud
420 2591 546 2656 videtur
572 2593 679 2657 animo
706 2591 889 2681 concepisse
917 2591 1133 2682 propositum,
1160 2607 1196 2657 ut
1220 2609 1295 2682 post

173 2696 353 2762 absolutam
368 2722 475 2763 rerum
493 2722 656 2764 sacrarum
675 2700 897 2765 tractationem
912 2681 1063 2787 profanas
1077 2698 1174 2764 etiam
1187 2721 1295 2789 aggre-

174 2803 314 2869 deretur.
346 2806 508 2871 Trahebat
533 2807 693 2871 volentem
721 2805 957 2896 opportunitas,
985 2805 1059 2895 quia
1078 2822 1203 2896 partem
1229 2830 1293 2872 non

173 2932 304 2997 parvam
320 2913 413 3000 hujus
427 2913 619 3002 argumenti,
637 2936 656 2977 a
671 2912 793 2978 diluvio
808 2911 957 2978 universo
971 2913 1011 2978 ad
1036 2915 1110 3003 Cyri
1134 2932 1293 3005 tempora,

173 3032 364 3083 transactam
380 3022 446 3106 jam
467 3019 561 3085 tertio
584 3019 670 3084 libro
688 3019 881 3087 inveniebat.
912 3022 1021 3110 ltaque
1048 3045 1065 3085 a
1089 3021 1232 3087 secundo
1254 3023 1293 3088 ad

172 3124 314 3209 tertium,
334 3126 366 3191 id
380 3146 440 3208 est,
455 3151 471 3191 a
485 3126 582 3192 sacris
600 3130 697 3193 rebus
711 3127 752 3192 ad
769 3126 932 3216 profanas,
952 3128 1173 3218 transitionem
1197 3153 1290 3220 para·

173 3247 274 3313 verat,
289 3255 360 3321 quae
380 3233 477 3320 hodie
492 3234 585 3299 nobis
597 3252 645 3299 est
660 3234 742 3299 liber
755 3235 814 3313 lll,
831 3241 846 3315 5
869 3257 880 3296 1
898 3232 1003 3322 (plura
1017 3257 1076 3298 nos
1091 3234 1167 3300 alibi
1183 3236 1223 3300 de
1237 3235 1291 3302 illa

173 3340 388 3431 transitione),
404 3365 539 3431 quaeque
555 3341 721 3406 consilium
743 3356 900 3405 monstrat
921 3339 1058 3405 auctoris
1072 3341 1177 3431 ampla
1196 3359 1229 3408 et
1246 3343 1295 3409 in·
1401 3364 1404 3371 *

173 3449 260 3515 linita
277 3449 472 3529 meditantis,
491 3449 522 3513 in
539 3449 600 3514 hos
613 3450 731 3538 quippe
750 3471 860 3514 versus
876 3447 1038 3534 desinens,
1056 3451 1112 3532 61,
1127 3473 1176 3540 sq.
1195 3481 1202 3516 :

727 3557 821 3622 Nunc
838 3555 960 3647 singula
981 3558 1121 3645 pandam

261 3668 341 3749 Quae
362 3665 447 3731 mala
464 3665 527 3730 sint
543 3663 692 3730 homines
706 3663 842 3753 passuri,
860 3686 1003 3753 quasque
1018 3688 1078 3754 per
1094 3666 1203 3731 urbes.

173 3775 248 3838 llaec
263 3771 342 3838 ille:
365 3772 421 3861 qui
437 3787 543 3836 tamen
560 3769 666 3860 operis
685 3769 868 3861 prolixitate
890 3768 1006 3857 magis,
1024 3786 1061 3835 ut
1082 3787 1179 3859 puto,
1199 3797 1293 3863 quam

172 3879 360 3945 difficultate
379 3877 568 3960 deterritus,
589 3876 738 3968 promissi
761 3901 825 3942 non
844 3875 990 3968 praestitit
1006 3877 1139 3943 alteram
1157 3896 1292 3967 partem,

172 3987 229 4052 sed
251 3985 336 4052 velut
352 4002 426 4050 ante
451 4009 579 4050 cursum
604 3985 760 4068 defessus,
785 3984 816 4048 in
843 3983 921 4074 ipsis
944 3983 1127 4050 carceribus
1141 3987 1293 4054 substitit.

172 4092 407 4158 Transitionem
431 4115 507 4155 vero
532 4109 688 4180 paratam,
709 4091 867 4180 talemque
890 4094 956 4177 jam
974 4092 1102 4179 qualem
1123 4091 1295 4182 aliquando

144 4219 148 4229 '
171 4203 344 4268 emissurus
357 4218 436 4276 erat,
451 4198 597 4264 deserere
611 4199 727 4281 noluit,
744 4197 852 4263 addita
867 4196 940 4287 ipsi,
955 4213 990 4262 ut
1002 4198 1142 4288 speciem
1157 4200 1295 4290 aliquam

171 4308 246 4372 libri
263 4325 296 4372 et
326 4329 508 4371 mensuram
522 4306 610 4395 parvi
628 4305 764 4371 baberet
774 4303 957 4389 voluminis,
974 4304 1151 4393 appendice
1164 4309 1296 4373 minime

171 4436 247 4479 sane
263 4430 457 4505 opportuna,
480 4413 513 4476 in
529 4435 624 4502 quam
641 4415 820 4500 fragmenta
843 4434 898 4476 seu
922 4410 1022 4475 frusta
1039 4413 1175 4499 conjecit
1191 4415 1297 4479 vario.

172 4546 243 4587 rum
266 4522 432 4599 librorum,
458 4518 580 4610 priusa
601 4543 636 4585 se
655 4516 791 4609 opllecta
817 4516 953 4583 instituti
974 4516 1081 4607 operis
1098 4540 1203 4599 causa,
1223 4521 1296 4586 dein
