3186 5310
549 455 833 516 SlBYbLlNOllUM
855 456 926 515 LlB.
951 457 1014 516 XII.
1285 453 1343 512 293

319 583 438 671 Eriget,
459 586 524 673 ipse
542 610 600 651 suo
617 587 756 652 lustrans
769 586 851 676 pede
869 585 996 651 sedulus
1011 589 1136 666 orbem,

321 689 412 754 Dona
423 690 528 756 ferens
542 692 649 758 multis
662 693 769 758 electri
788 692 912 782 pondus
927 709 959 755 et
974 693 1054 759 auri.

320 794 375 858 llle
391 797 486 862 etiam
501 798 631 886 magieis
649 798 800 889 mysteria
814 816 927 862 cuneta
946 799 1088 864 recludet

235 920 295 981 170
319 901 366 964 Ex
381 903 485 992 adytis
502 929 510 970 ι
526 929 591 994 quo
608 930 672 969 uon
691 904 788 969 alium
804 905 992 968 melioribus
1009 928 1149 993 unquam

319 1009 475 1098 Auspiciis
493 1034 624 1097 regnare
640 1012 720 1076 sinet
734 1036 791 1075 rex
806 1011 931 1075 retheris
945 1010 1012 1075 alti.

320 1115 383 1177 Pax
398 1116 500 1181 aderit
518 1117 680 1193 diuturna,
702 1142 796 1181 manu
810 1117 887 1182 dum
904 1134 1028 1206 sceptra
1046 1117 1161 1206 vigenti

319 1221 494 1305 Tractabit,
512 1222 575 1287 dux
592 1223 678 1288 idenr
691 1223 871 1306 bominum,
887 1241 1035 1312 vatesque
1051 1247 1199 1299 canorus,

321 1327 492 1393 Consultus
508 1330 590 1413 juris
607 1330 744 1418 sapiens,
760 1331 865 1419 legum
879 1330 998 1395 arbiter
1012 1354 1138 1418 aequus3

236 1430 296 1516 175
321 1432 381 1497 Sed
398 1433 464 1497 fato
483 1435 610 1499 tandem
625 1437 757 1525 proprio
771 1437 943 1501 descendet
958 1436 998 1500 ad
1012 1437 1152 1501 umbras.

364 1542 442 1602 Tres
454 1565 589 1628 regnum
601 1541 760 1631 excipient
778 1569 785 1606 ε
806 1544 970 1632 superabit
982 1543 1094 1607 tertius
1109 1564 1236 1618 omnes,

320 1646 347 1706 Τ
349 1668 399 1708 res
413 1646 550 1736 implens
565 1648 722 1730 decadas;
738 1649 794 1731 sed
812 1650 951 1738 primum
966 1649 1056 1713 litera
1070 1649 1228 1737 princeps,

320 1750 425 1815 Litera
440 1776 515 1817 mox
530 1753 626 1818 alium
642 1756 747 1819 decies
762 1772 892 1844 septena
907 1755 1043 1820 notabit.

321 1858 441 1923 Omnes
459 1859 640 1925 nominibus
657 1861 720 1925 laeti
741 1861 886 1926 felicibus
904 1861 1013 1941 ibunt,

239 1964 298 2026 180
324 1964 435 2028 Italico
450 1967 554 2055 pictos
568 1967 721 2032 domituri
735 1968 840 2032 Marte
858 1967 1044 2047 Britannos,

321 2070 516 2161 Maurosque
530 2073 686 2161 ingentes,
703 2074 885 2162 Dacosque,
905 2074 1111 2162 Arabumque
1127 2091 1280 2136 catervas.

323 2178 431 2258 Quum
446 2181 577 2242 vero'ex
594 2179 653 2244 illis
667 2204 761 2260 unus,
780 2181 832 2267 qui
844 2178 954 2265 junior
971 2204 1049 2256 aevo,

322 2285 512 2365 Oecumbet,
527 2284 654 2350 Parthis
669 2286 784 2350 iterum
802 2288 889 2350 Mars
907 2287 1030 2373 ingruet
1045 2302 1148 2364 atrox,

323 2387 532 2478 Alllictosque
547 2391 645 2480 prius,
663 2416 812 2481 supremo
827 2410 971 2456 conteret
984 2392 1061 2458 ictu.

241 2495 299 2559 185
323 2496 365 2559 Et
379 2520 434 2559 rex
450 2495 503 2561 ille
518 2497 648 2586 quidem
665 2498 780 2563 scissus
798 2499 889 2563 cadet
903 2521 1007 2586 ungue
1028 2499 1142 2574 lerino,

322 2603 480 2666 Exercens
494 2603 577 2669 vires
593 2632 600 2668 :
619 2629 656 2668 ea
670 2604 782 2669 mortis
797 2629 889 2670 causa
907 2607 1039 2670 feretur.

367 2708 449 2774 Hinc
465 2709 545 2774 alius
560 2710 666 2775 veniet
684 2711 821 2799 sapiens,
841 2711 1003 2800 fretusque
1017 2709 1141 2799 potenti

323 2814 466 2901 Ingenio.
482 2816 578 2906 Regis
591 2842 709 2882 nomen
722 2835 811 2907 geret
823 2818 873 2882 ille
887 2817 1016 2907 prioris,

324 2919 483 3010 Incipiens
499 2922 587 3010 apice
604 2924 756 3012 aprima,
775 2947 971 3012 magnusque
983 2925 1151 3012 bonusque

239 3049 299 3111 19⁰
322 3027 465 3091 Dicetur.
484 3028 580 3093 Latiis
595 3029 628 3092 in
641 3029 770 3094 sedibus
787 3030 886 3094 ardua
901 3029 1019 3095 condet

323 3133 475 3196 Exstinoti
492 3151 698 3199 monumenta
715 3136 823 3224 patris.
844 3137 927 3199 'l‘um
940 3136 1055 3198 moenia
1074 3137 1185 3198 llomae

324 3240 464 3326 Argento
480 3256 576 3329 atque
590 3264 681 3323 auro,
698 3241 857 3330 signisque
871 3240 999 3304 ornabit
1013 3240 1155 3320 eburnis,
1180 3296 1184 3302 .

323 3346 455 3435 Templa
470 3369 528 3434 per
542 3363 574 3410 et
587 3347 720 3435 plateas,
734 3371 808 3411 cum
820 3346 896 3411 sorti
910 3370 1061 3436 compare
1077 3368 1224 3435 regnans.

234 3555 299 3604 hune
313 3554 341 3606 t.
357 3555 440 3619 Verus,
454 3558 504 3622 jam
520 3573 592 3624 supra
608 3557 696 3617 dietus,
711 3556 803 3608 sedhic
823 3557 967 3623 cognomine
979 3555 1054 3606 Verus
1065 3555 1199 3623 appellatus
1211 3553 1350 3619 (Οὺῆρος),

233 3648 306 3704 atque
325 3639 359 3689 ita
374 3640 470 3690 literam
480 3640 572 3691 habens
585 3642 614 3700 Ο,
629 3657 758 3691 numerum
775 3646 815 3692 to.
827 3669 860 3679 -
877 3644 931 3703 tat,
946 3657 999 3706 sqq.
1015 3640 1048 3690 ll.
1063 3639 1185 3700 Aurelius,
1200 3636 1278 3702 cujus,
1291 3634 1353 3684 sieut

235 3727 342 3793 parentis
351 3727 469 3794 adoptivi,
487 3729 558 3779 litera
571 3729 602 3792 Α,
615 3745 730 3779 numerus
745 3732 768 3779 1.
781 3757 814 3766 -

269 3870 323 3917 176.
342 3866 417 3917 'lotus
429 3875 465 3915 est
475 3867 614 3933 desumptus
624 3884 654 3916 ex
666 3867 695 3926 ll,
709 3872 748 3921 51.
846 3871 900 3918 188.
922 3867 998 3917 Codd.
1010 3867 1122 3915 lacunam
1135 3864 1228 3913 nullam
1238 3863 1264 3912 in
1272 3860 1353 3912 medin

269 3945 324 3994 tta.
343 3942 378 3992 lle
391 3953 485 4009 etymo,
503 3952 619 4007 tanquam
638 3943 700 3992 bene
714 3945 775 3995 omi·
809 3953 945 3994 monstrant
960 3958 1038 4000 versu,
1055 3957 1099 3990 nee
1114 3941 1206 3990 lacunae
1217 3939 1284 3989 locus
1296 3936 1355 3987 satis

231 4027 300 4080 nato,
310 4018 355 4068 eir.
369 4018 439 4075 vul.
456 4023 497 4075 66,
515 4026 540 4066 et
554 4018 589 4066 ibi
603 4027 654 4068 not.
809 4028 897 4068 certus.
908 4018 969 4080 Quid
979 4016 1043 4066 enim
1057 4017 1078 4065 si
1090 4025 1146 4082 post
1157 4017 1218 4082 ἔχων
1233 4014 1355 4064 inseratur

268 4098 323 4144 182.
337 4094 373 4144 ue
385 4093 491 4153 tuero,
507 4110 552 4142 eur
564 4093 599 4143 sie
610 4104 667 4143 ante
682 4094 715 4145 ll.
725 4096 775 4145 Au·
808 4096 915 4151 sadada?
928 4094 980 4145 ctr.
993 4092 1065 4155 inira,
1080 4093 1137 4142 210.

232 4166 320 4217 relium
337 4167 428 4234 positus
440 4167 578 4216 inveniatur
592 4184 642 4217 non
659 4184 703 4219 suo
726 4169 775 4220 lor·
845 4176 898 4222 190.
917 4169 994 4221 Godd.
1009 4170 1086 4219 πολλὰ
1098 4167 1154 4218 κᾶν.
1166 4166 1258 4217 Deinde
1271 4165 1353 4229 legeu-

164 4247 167 4253 ’
232 4253 293 4294 mse
302 4245 365 4300 ¹00⁰·
376 4243 431 4293 vide
443 4253 493 4293 not.
808 4247 866 4296 dum
876 4246 970 4296 ridetur
979 4246 1107 4311 κρατερῶς
1115 4243 1147 4292 ob
1161 4240 1277 4292 Hadriani
1285 4255 1354 4289 mau-

268 4322 323 4372 183.
343 4320 430 4370 Versus
442 4320 544 4370 laborat.
561 4320 600 4370 dn
613 4323 776 4387 Παρθυαίοισι
809 4322 940 4371 soleumad
952 4336 1080 4385 nasusque
1093 4333 1237 4386 permanens
1255 4315 1305 4365 arei
1320 4315 1354 4364 si·

231 4395 302 4462 legas,
316 4396 395 4448 madia
405 4396 463 4446 lieet
473 4397 535 4446 male
548 4401 676 4461 correpta?
810 4398 947 4449 millimum.

267 4477 321 4524 186.
340 4473 416 4524 Codd.
427 4473 501 4539 αὐτῇ,
516 4473 569 4523 sine
581 4489 661 4531 sensu,
672 4473 715 4522 ubi
731 4489 776 4523 nos
845 4478 900 4525 192.
921 4472 1011 4524 Similis
1020 4489 1083 4539 sape
1092 4487 1174 4522 sersus
1184 4470 1208 4520 in
1222 4466 1355 4536 Sibyllinis,

234 4546 306 4609 αὕτη.
810 4548 859 4610 lll‚
874 4552 932 4612 581,
944 4557 992 4598 ete.
