3186 5310
457 437 741 502 sunniacum
762 440 835 501 tiu.
856 440 910 515 m,
931 437 950 520 s
970 443 998 502 s.

258 575 320 642 Sed
334 577 420 640 Deus
434 575 520 638 hunc
535 573 630 637 etiam
641 572 742 639 fundo
759 577 923 640 subvertet
940 575 981 638 ab
998 571 1075 640 imo.

175 684 234 776 175
302 684 391 764 Post,
410 680 496 746 aliud
512 703 645 770 regnum
660 680 802 772 incipiet,
819 704 896 771 gens
912 680 1054 745 restibus
1069 680 1154 759 alba,

259 788 430 880 Multiplici
448 786 562 877 capite,
579 788 713 854 occiduo
728 813 798 879 quae
815 788 909 853 litore
927 811 1059 879 surgens

260 897 324 961 Ibit
342 897 374 960 in
391 895 561 986 imperium
577 919 741 985 magnum,
761 890 942 986 multosque
960 910 1108 984 potentes

260 1004 410 1084 Subruet,
430 1020 463 1068 et
478 1001 602 1092 trepida
617 1003 738 1092 quatiet
755 1003 926 1068 formidine
938 1025 1041 1091 reges.

260 1111 400 1176 Multum
413 1110 532 1200 quippe
547 1133 643 1199 rapax
662 1109 731 1174 auri
748 1110 935 1199 argentique
952 1133 1009 1199 per
1019 1109 1116 1174 urbes

178 1216 237 1281 180
261 1217 395 1282 Hauriat
413 1245 421 1282 ε
442 1233 490 1281 ast
505 1215 573 1281 auri
587 1232 694 1280 tamen
710 1217 896 1306 argentique
910 1239 968 1304 per
986 1218 1083 1281 urbes

262 1323 363 1413 Copia
379 1340 569 1402 succrescet,
589 1322 805 1412 splendorque
819 1322 989 1414 augebitur
1003 1322 1102 1388 orbis.

263 1429 419 1495 Mortales
431 1452 509 1518 gens
527 1429 579 1495 illa
595 1447 721 1519 premet
733 1452 742 1513 3
757 1431 814 1494 sed
825 1428 990 1519 proximus
1002 1428 1063 1520 ipsi

264 1535 350 1600 Finis
367 1537 470 1618 adest,
488 1554 555 1601 tum
568 1560 666 1626 quum
682 1536 766 1602 fastu
783 1554 963 1627 turgescere
977 1535 1086 1626 iniquo

264 1642 413 1732 Coeperit.
430 1642 586 1707 invadent
600 1643 688 1707 illam
700 1643 803 1708 scelus
816 1667 911 1708 omne
928 1642 1091 1732 nefasque,

181 1747 241 1810 185
265 1748 399 1837 Musque
413 1749 492 1813 mari
510 1773 543 1813 se
557 1748 716 1829 miscebit,
731 1767 935 1839 statuentque
950 1749 1106 1839 pudendis

265 1856 303 1919 Iu
318 1855 426 1920 lustris
444 1879 573 1946 pueros.
591 1858 633 1921 Et
646 1856 707 1922 erit
718 1873 794 1921 tuuc
810 1880 996 1946 magnaper
1012 1859 1125 1922 orbem

265 1961 426 2027 Pernicies
439 1961 620 2027 hominurn.
637 1965 723 2027 linet
736 1962 844 2027 omnia
858 1980 891 2028 et
904 1964 1011 2029 omnia
1024 1963 1150 2052 perdet,

267 2067 323 2132 Nil
342 2085 488 2133 sanetum
503 2087 667 2158 reputans,
684 2069 804 2134 audeus
820 2070 1048 2160 quodcumque
1061 2068 1187 2156 jubebit

267 2174 383 2262 Turpis
395 2167 542 2239 avarities
553 2191 586 2239 et
600 2175 675 2240 foedi
690 2175 810 2240 insania
827 2176 919 2240 lucri.

184 2302 244 2369 190
268 2279 381 2344 Tristis
395 2281 525 2371 ubique,
541 2281 738 2346 Macedoniae
752 2282 806 2347 sed
816 2282 938 2347 tristior
952 2281 1034 2372 agris

224 2467 226 2472 .
268 2387 449 2469 Incumbet,
467 2387 665 2476 multumque
680 2386 746 2453 odii
760 2386 923 2466 conflabit,
944 2406 976 2453 et
992 2412 1122 2453 omnem

267 2493 426 2558 Parturiet
440 2492 598 2578 fraudem,
614 2494 721 2584 proles
737 2494 814 2559 dum
827 2494 961 2583 septima
978 2512 1091 2584 regnet

268 2599 400 2689 AEgypti
413 2624 525 2690 regum
539 2601 594 2691 qui
611 2603 723 2667 Graeca
738 2603 780 2667 ab
797 2601 920 2691 origine
934 2619 1075 2691 surgent.

312 2709 396 2771 Tum
412 2731 489 2771 vero
506 2706 636 2772 exsistet
651 2708 759 2797 magni
773 2708 924 2797 praeclara
941 2710 1001 2775 Dei
1019 2734 1110 2799 gens,

187 2810 245 2899 195
270 2813 341 2894 Qua
361 2813 442 2878 duce
454 2813 605 2879 mortales
619 2814 724 2879 cuncti
741 2817 824 2880 bene
839 2815 942 2880 vivere
957 2816 1091 2882 discent.

269 2918 332 2984 Sed
345 2919 425 2984 mihi
443 2943 500 2984 cur
516 2921 615 2985 menti
631 2923 717 2986 Deus
729 2921 831 3008 injicit
846 2921 910 2986 hoc
923 2946 1052 3013 quoque
1067 2923 1140 3006 fari,

174 3042 176 3045 ·
205 3026 207 3029 ’
269 3024 355 3107 Quid
371 3026 519 3115 primum,
534 3026 612 3116 quid
626 3027 796 3117 posterius,
813 3051 883 3117 quae
898 3046 983 3094 meta
997 3029 1146 3095 laborum

268 3132 418 3200 Humano
435 3133 556 3221 generi,
576 3157 647 3223 quae
663 3135 725 3199 siut
742 3135 871 3199 exordia
888 3134 1037 3201 damnis?

313 3238 456 3303 Primum
470 3239 634 3329 suppliciis
650 3239 772 3332 affliget
784 3241 933 3306 Numinis
947 3243 993 3307 ira

185 3365 247 3406 auo
269 3344 410 3427 Titanas,
425 3345 597 3435 prolesque
613 3348 681 3413 luet
693 3349 840 3412 Saturnia
856 3372 979 3437 poenas,

272 3450 443 3515 Saturnum
460 3451 612 3541 quoniam
628 3453 741 3520 vinclis
757 3471 956 3544 matremque
972 3455 1102 3521 dedere.

272 3556 393 3623 Graeoia
405 3576 547 3624 rectores
559 3559 635 3624 hinc
652 3577 699 3625 est
712 3560 862 3627 habitura
879 3564 1048 3652 superbos,

273 3665 432 3753 Impuros,
448 3666 502 3754 qui
518 3690 577 3730 nec
593 3666 726 3732 thalami
740 3692 828 3734 sacra
843 3672 927 3756 jura,
942 3692 1045 3761 neque
1057 3667 1156 3734 ullam

274 3771 452 3837 Servabunt
465 3774 577 3862 legem.
595 3774 664 3841 Nec
677 3775 744 3860 jam
761 3777 950 3842 mortalibus
967 3777 1030 3842 ulla

188 3876 249 3942 205
274 3878 441 3968 Pugnandi
455 3880 594 3969 requies.
615 3881 761 3971 Phrygiis
776 3900 845 3948 tum
858 3885 1005 3973 gentibus
1020 3883 1116 3949 instat

188 4073 308 4126 Transitio
321 4077 530 4128 adrasumeudsm
551 4077 660 4144 gentium
680 4079 850 4145 primaevarum
872 4081 1008 4133 historiam.
1029 4108 1059 4117 -
1078 4082 1136 4143 tea,
1150 4094 1203 4145 sqq.
1223 4074 1309 4126 Varia·

187 4174 244 4210 rum
262 4160 375 4228 stirpium
387 4161 549 4213 humanarum
563 4162 722 4228 calamitates,
736 4164 808 4216 initio
821 4166 897 4229 lacto,
911 4166 975 4218 sicut
987 4181 1070 4234 supra,
1085 4163 1245 4216 aTitanibus.
1254 4188 1285 4197 -

191 4337 369 4405 ιιΡΤΟΡῘΙΘΗΜΩ
397 4341 495 4409 Sibyll&
513 4363 544 4400 u,
574 4342 616 4392 sed
640 4340 675 4391 'lbi
702 4342 732 4392 de
800 4352 855 4400 198.
876 4349 953 4400 Codd.
967 4351 1003 4407 τίς
1013 4347 1035 4400 δ’
1048 4350 1111 4417 ἀρχὴ
1122 4347 1218 4398 τούτων
1229 4345 1310 4405 lateat

190 4418 277 4474 Rhodo
299 4423 394 4486 insula,
418 4426 459 4478 hie
479 4428 510 4477 de
525 4426 611 4485 Roma,
632 4425 734 4479 conluto
801 4430 859 4478 200.
880 4425 907 4474 ln
926 4425 974 4475 fine
991 4426 1062 4475 codd.
1085 4443 1113 4488 γε
1128 4439 1178 4473 uon
1199 4420 1310 4472 habent:

183 4499 256 4565 apud
269 4502 431 4568 geographum
446 4519 519 4554 sensu
537 4519 584 4554 nee
598 4503 730 4554 intellecto.
765 4501 857 4552 addidit
870 4501 927 4567 Ops.
942 4502 980 4551 An
994 4518 1038 4568 pro
1051 4503 1121 4559 sim
1131 4499 1261 4566 legendum
1272 4496 1323 4547 ot.

169 4621 176 4638 ,
192 4573 243 4626 Cir.
258 4574 515 4642 xl‚2ts;x11,2ss.
767 4582 871 4642 pactas?
884 4576 934 4628 etr.
952 4577 985 4637 ll,
1001 4581 1043 4629 tt.
