3186 5310
499 417 675 482 ANONYMI
696 419 908 484 PRAEFATIO.
1227 427 1264 488 at

146 556 295 649 Capitolii
319 553 466 621 sacerdos
486 569 560 619 ante
578 553 694 636 fuerat,
712 554 831 644 apertis
854 555 895 621 ad
910 573 1061 622 aeternam
1079 557 1198 623 Christi
1220 557 1270 623 lu-

146 689 216 730 cern
232 663 344 746 oculis,
358 662 391 727 in
407 661 471 726 suis
486 660 638 750 operibus
651 659 753 726 multa
769 685 868 750 quaea
885 661 1015 752 Sibyllis
1031 662 1115 728 dicta
1132 663 1172 729 de
1187 651 1270 731 inef-

145 772 234 838 fabili
248 771 349 863 gloria
364 768 546 861 reperisset,
563 768 711 859 protulit,
725 792 900 859 graecaeque
916 769 1153 861 superstitionis
1164 795 1271 838 amen·

145 879 224 944 tiam
249 877 361 944 validis
387 876 563 943 confutavit
585 878 796 967 argumentis,
823 902 898 944 acer
927 880 1069 946 veritatis
1099 880 1269 973 interpres,

145 986 285 1050 Ausonia
305 984 358 1050 ille
372 984 504 1076 quidem
518 985 639 1078 lingua,
660 984 715 1051 sed
740 985 783 1050 ita
806 1003 841 1051 ut
857 987 1034 1078 Sibyllinos
1048 1012 1157 1055 versus
1169 1011 1271 1078 graece

145 1092 268 1160 citaret.
285 1095 333 1158 Ac
354 1116 395 1158 ne
414 1090 465 1157 cui
484 1092 601 1159 falsum
618 1090 650 1156 id
670 1092 829 1178 videatur,
860 1094 993 1159 afferam
1015 1095 1113 1184 ipsius
1128 1088 1273 1165 testimo·

145 1199 234 1265 nium
255 1199 319 1265 hoc
334 1216 445 1265 tenore
463 1223 470 1265 :
489 1198 666 1288 [Quoniam
683 1221 763 1288 ergo
788 1223 859 1290 quac
885 1200 970 1292 apud
990 1226 1050 1267 nos
1069 1203 1275 1293 reperiuntur

143 1308 312 1399 Sibyllina,
331 1332 397 1374 non
414 1307 533 1386 solum,
552 1325 588 1372 ut
605 1308 645 1374 de
661 1307 770 1373 medio
786 1325 926 1400 sumpta,
944 1333 1049 1400 graecc
1065 1335 1176 1378 errore
1187 1313 1276 1379 labo·
1359 1362 1361 1369 ι

143 1414 289 1480 rantibus
311 1413 442 1480 sordent
466 1413 547 1503 (sola
565 1414 652 1479 enim
673 1414 787 1480 raritas
806 1415 839 1480 in
861 1416 967 1506 pretio
995 1415 1068 1506 est),
1092 1417 1151 1484 sed
1173 1420 1217 1484 ob
1240 1420 1272 1486 id

144 1523 240 1588 etiam
257 1521 344 1612 quod
358 1546 424 1587 non
446 1523 570 1610 omnes]
584 1544 695 1588 versus
721 1539 851 1589 exactos
866 1547 1019 1590 numeros
1042 1525 1193 1609 retinent,
1215 1527 1275 1594 mi·
1336 1555 1341 1567 ·

145 1654 203 1696 nus
213 1629 288 1696 fidei
299 1629 463 1695 inveniunt
477 1659 485 1708 ς
500 1630 582 1695 scias
597 1629 978 1696 hanc'nctariorumesse
990 1632 1130 1722 culpam,
1151 1632 1207 1724 qui
1223 1636 1274 1702 vel

143 1738 300 1805 sermonis
319 1737 519 1804 velocitatem
537 1736 708 1803 scribendo
721 1739 845 1828 assequi
867 1741 1090 1829 nequiverunt,
1105 1741 1156 1807 vel
1178 1741 1273 1810 etiam

143 1847 264 1913 indocti
286 1849 426 1930 fuerunt,
443 1871 509 1912 non
525 1846 623 1936 ipsius
640 1846 781 1936 Sibyllae,
796 1847 861 1930 cui,
881 1846 1050 1913 deficiente
1067 1848 1191 1938 spiritu,
1206 1874 1274 1916 ces-

142 1956 233 2020 sabat
253 1979 270 2020 a
296 1979 328 2020 se
347 1954 510 2020 dictorum
530 1954 706 2036 memoria3
725 1969 822 2043 atque
835 1955 920 2020 hanc
936 1957 981 2021 ob
1003 1978 1130 2021 causam
1147 1957 1273 2048 scripsit

141 2064 244 2143 Plato,
265 2064 362 2129 multa
384 2086 564 2153 magnaque
585 2062 743 2127 avaribus
763 2059 847 2126 effici
864 2061 945 2126 nihil
967 2061 1142 2129 scientibus
1158 2089 1271 2131 eorum

142 2193 213 2259 quae
228 2171 362 2255 dicant]
394 2199 407 2224 ι
423 2169 460 2233 ln
485 2168 524 2232 iis
543 2191 620 2255 ergo
649 2165 795 2230 versibus
814 2188 895 2254 quos
911 2166 1007 2256 legati
1028 2170 1166 2235 Romam
1184 2188 1270 2238 attu-

144 2307 158 2333 α
182 2278 299 2360 lerunt,
315 2276 356 2341 de
383 2298 446 2339 uno
464 2275 535 2339 Deo
560 2274 628 2338 haec
645 2288 721 2337 sunt
743 2270 952 2337 testimonia:
972 2271 1020 2349 Εἷς
1043 2283 1122 2362 Θεὸς,
1149 2283 1176 2352 ὃς
1192 2285 1270 2363 μόνος

145 2413 159 2437 ss
177 2381 423 2467 ἅρχει,κ,τ,λ.»

242 2521 309 2574 Unus
324 2520 401 2582 neus,
414 2521 457 2590 qui
472 2520 537 2575 solus
547 2528 641 2588 regnat,
654 2520 783 2584 maximus,
799 2536 926 2587 nunquam
940 2530 1020 2572 uatus.

242 2606 289 2657 Sed
304 2606 368 2656 Deus
381 2607 445 2657 solus
457 2621 520 2656 unus
533 2620 674 2673 supremus,
690 2604 734 2670 qui
744 2603 804 2656 lecit

242 2691 348 2755 Caelum,
359 2692 498 2759 solemque,
513 2699 539 2741 et
547 2690 641 2749 stellas,
655 2697 680 2739 ct
693 2689 791 2750 lituum,

216 2819 218 2822 Α
241 2776 440 2844 Fmgileramque
454 2785 558 2837 mmm,
574 2785 600 2827 et
613 2774 766 2825 marinorum
776 2783 885 2827 tumores
897 2775 1027 2828 fluctuum.

239 2861 286 2924 Qui
297 2862 361 2912 solus
374 2870 410 2911 est
424 2859 487 2911 lleus
501 2869 607 2921 creator,
621 2858 727 2910 invictus
738 2875 853 2911 maneas:

242 2947 294 3013 lpse
305 2946 392 2997 statuit
403 2945 486 2995 forma
498 2944 630 3010 [humana]
642 2960 763 3004 normam,
778 2943 957 3011 hominumque

240 3029 332 3081 Lucem
346 3030 464 3096 [vitalem]
476 3028 591 3092 miscuit,
605 3038 718 3079 naturam
734 3027 845 3078 omnium
858 3028 1020 3094 geuemtionis
1032 3046 1061 3080 ac
1071 3030 1136 3084 vite.

187 3182 285 3266 Quod
307 3183 350 3247 ita
368 3181 425 3266 ait,
442 3203 497 3246 seu
511 3177 586 3269 quia
598 3178 632 3242 in
646 3202 742 3244 unam
761 3202 891 3247 carnem
907 3180 1070 3269 congressi
1085 3182 1267 3269 miscentur,

143 3289 208 3355 sive
232 3287 321 3377 quod
346 3311 385 3352 ex
404 3285 570 3351 clementis
591 3301 729 3375 quatuor
754 3284 837 3350 inter
861 3309 895 3350 se
913 3287 1080 3352 contrariis
1110 3291 1267 3357 mundum

142 3396 203 3460 sub
234 3393 311 3460 caelo
338 3392 522 3458 universum
544 3389 772 3480 hominemque
799 3391 903 3480 ipsum
918 3393 1005 3458 Deus
1023 3393 1152 3458 creavit.

143 3541 238 3621 peratis
244 3548 379 3602 occidentis
392 3546 534 3616 provinciis,
554 3547 683 3613 plusquam
697 3545 746 3596 alio
759 3561 868 3612 unquam
877 3555 996 3614 tempore,
1011 3548 1124 3599 revixisse
1136 3548 1163 3599 in
1175 3551 1270 3605 odanto

142 3637 226 3705 ibique
238 3636 404 3704 pervulgatum
416 3631 497 3693 luisse,
508 3647 592 3681 omnes
601 3629 690 3681 sciunt.
709 3630 745 3681 lle
759 3630 847 3682 ceteris
865 3633 897 3682 ad
910 3631 974 3682 hanc
986 3632 1156 3685 Proelatiouem
1169 3636 1270 3704 ejusque

110 3770 115 3781 ,
142 3731 268 3774 auctorem
280 3717 467 3787 pertinentibus,
482 3715 566 3768 confer
580 3715 715 3767 Excusaum
729 3726 840 3768 nostrum
853 3717 884 3780 ll,
899 3733 972 3784 capp.
989 3720 1020 3769 ts
1033 3727 1059 3769 ct
1075 3722 1114 3771 16.

145 3850 197 3898 lot
210 3849 252 3906 ll.
264 3860 316 3913 sqq.
325 3843 385 3894 'l'res
397 3851 524 3909 sequentes
534 3842 594 3893 item
605 3840 690 3892 elsae·
723 3858 772 3908 quo
784 3840 847 3891 forte
859 3857 915 3891 cum
929 3840 1071 3908 fragmentis
1088 3854 1210 3896 serratum
1223 3838 1281 3900 αι’

143 3923 221 3975 tantio
233 3922 282 3973 huc
296 3920 393 3972 adducti
406 3928 472 3980 sunt,
487 3919 530 3969 sed
542 3935 574 3969 ex
586 3917 650 3969 libro
659 3917 689 3980 ll,
722 3915 832 3966 Notanda
855 3917 882 3966 in
896 3916 968 3965 codd.
991 3931 1066 3982 prava
1083 3915 1157 3966 lectio
1178 3922 1272 3989 πατρὸς

144 4015 199 4066 cap.
224 4000 265 4059 tt,
285 3998 316 4047 de
332 3994 420 4063 quibus
428 3996 479 4061 jam
492 3994 585 4059 aliquid
607 4011 688 4061 supra.
720 3995 845 4056 γίνονται,
868 4003 923 4043 orta
940 3993 1053 4043 videlicet
1072 4009 1103 4042 er
1126 3997 1271 4063 compendio

178 4079 201 4125 6.
221 4076 301 4140 ‘'Orrsp
320 4071 429 4138 εἴρηκεν,
449 4089 473 4121 κ.
493 4087 516 4120 r.
531 4072 552 4121 λ.
574 4069 690 4121 Referen-
720 4070 848 4137 scripturae
858 4069 922 4119 male
933 4068 1067 4129 intellecto,
1077 4067 1120 4119 ubi
1132 4087 1177 4120 nos
1189 4090 1270 4140 προσ·

144 4151 203 4201 dum
218 4149 267 4200 boc
284 4149 352 4215 quasi
364 4146 474 4197 scholion
485 4145 516 4195 ad
527 4145 690 4211 praecedentia
720 4145 839 4209 γίνονται,
848 4161 894 4212 pro
906 4145 1070 4209 συγγίνονται,
1086 4155 1186 4211 patente
1199 4164 1270 4199 seusu

145 4225 232 4289 rerba,
245 4225 322 4289 αὐγὰς
335 4224 398 4289 ulit,
413 4241 438 4273 κ.
453 4240 475 4272 τ.
486 4225 519 4281 λ..
531 4221 646 4288 abestque
660 4236 690 4270 ex
722 4236 752 4269 ex
766 4219 863 4280 Genesi,
879 4234 933 4285 cap.
948 4223 973 4277 2,
984 4235 1009 4269 v.
1025 4222 1066 4270 rt.
1084 4219 1173 4271 Omnes
1182 4223 1270 4275 deinde

144 4304 175 4352 iis
186 4299 364 4368 exemplaribus
378 4315 431 4365 quse
441 4298 609 4348 praelationem
623 4297 690 4347 dno·
721 4295 881 4362 ὑπουράνιον,
891 4294 1014 4359 quondam
1023 4310 1037 4343 a
1046 4294 1117 4344 nobis
1127 4296 1154 4345 in
1165 4300 1272 4366 ὕπερον·

146 4392 243 4445 nymsm
265 4391 321 4425 cum
345 4373 485 4439 fragmentis
506 4372 552 4438 ipsi
574 4370 690 4436 subjectis
721 4372 804 4438 ράνιον
819 4371 884 4420 mals
897 4379 1029 4434 mutatum,
1048 4380 1174 4429 etomues
1187 4375 1273 4428 inline

146 4452 276 4509 omittunt,
301 4466 351 4500 uno
365 4457 467 4520 excepto
480 4445 639 4507 Betuleianc,
663 4447 687 4496 iu
720 4445 922 4511 vlpslsuorsabv
938 4456 1005 4497 recte
1015 4447 1117 4497 addunt.
