3186 5310
230 1010 460 1188 ΤΩΝ
540 1014 1353 1191 ΣΙΒΥΑΛΙΑΚΩΝ

576 1461 994 1590 ΧΡΗΣΜΩΝ

563 1837 763 1919 ΛΟΓΟΣ
800 1821 1013 1920 suros.

341 2415 504 2495 Ᾰθανάτον
520 2429 614 2523 μέγαν
629 2429 691 2495 υἱὸν
711 2420 850 2521 ἀοίδιμον
871 2431 906 2494 ιἰι
927 2430 1031 2518 φρενὸς
1053 2422 1160 2510 olitis

343 2508 374 2626 ᾧ
391 2533 494 2626 θρόνον
508 2530 639 2623 ὕψιστος
658 2539 781 2628 γινέτης
798 2528 959 2626 παρέδωκε
977 2532 1136 2619 λαθέσθαι,

343 2641 441 2705 Οὔπω
458 2641 646 2734 γεννηθέντι·
671 2642 734 2706 ἐπεὶ
753 2643 836 2707 κατὰ
853 2643 952 2733 σάρκα
967 2643 1002 2708 τὸ
1020 2634 1125 2708 θισσὸν

342 2731 476 2837 Ηγέρθη,
496 2754 642 2837 προχοαῖς
657 2747 902 2839 ἀπολουσάμενος
923 2756 1076 2837 ποταμοῖο

293 2851 310 2917 5
348 2836 507 2941 Ῐορθάνου,
526 2849 557 2930 ὃς
576 2856 696 2944 ρέρεται
714 2858 838 2947 γλαυκῷ
857 2845 931 2919 ποθὶ
949 2856 1073 2943 κύματα
1091 2858 1208 2949 σύρων·

345 2941 402 3041 ὸς,
418 2958 511 3050 πυρὸς
525 2953 680 3051 ε’κριύξαςς
696 2967 818 3050 πρῶτος
839 2946 932 3053 [Θεοῦ
949 2956 1060 3047 ὄψεται
1078 2956 1135 3035 ἡδὺ

342 3066 457 3152 Πνιῢμ’
478 3051 706 3160 ἐπιγινόμενον]
728 3072 849 3144 λευκαῖς
866 3069 1047 3158 πτερύγεσσι
1066 3067 1197 3144 πελείης.

344 3159 475 3247 Ᾰνθήσει
494 3164 524 3237 θ’
544 3170 632 3251 άνθος
649 3174 793 3264 καθαρὸν,
816 3174 959 3263 βράσονσι
975 3164 1009 3238 ii
1029 3175 1141 3267 πηγαί.

343 3272 438 3354 Δείξει
454 3270 484 3344 θ’
503 3279 702 3373 ἀνθρώποισιν
718 3272 821 3361 θθοὺς,
841 3271 932 3356 θιίξει
948 3272 984 3344 δὲ
1002 3281 1157 3359 κελεύθους

268 3411 307 3451 ro
343 3384 518 3474 Οὐρανίας·
540 3385 657 3463 πάντας
675 3378 710 3451 δὲ
730 3393 832 3477 σοροῖς
852 3385 971 3474 μύθοισι
990 3377 1120 3464 διδάξει.

271 3566 339 3618 Atto.
355 3565 427 3615 Liber
440 3566 477 3631 (si
489 3566 552 3615 liber
565 3567 681 3617 dicendus
690 3577 743 3628 est,
759 3568 793 3617 ita
806 3567 902 3630 brevis)
917 3567 1008 3634 hymno
1022 3585 1095 3633 quam
1110 3569 1227 3620 vaticinio
1243 3571 1363 3633 similior,

241 3660 325 3717 aperte
337 3667 392 3700 cum
404 3661 519 3717 sequente
532 3661 655 3716 cognatus,
664 3661 728 3701 totus
740 3651 765 3700 in
778 3652 873 3701 laudem
886 3651 986 3702 Christi.
1000 3652 1070 3703 Conl.
1081 3653 1140 3704 Exc.
1152 3665 1217 3704 notr.
1225 3654 1255 3717 V,
1268 3671 1326 3723 cap.
1334 3662 1363 3714 9.

161 3776 164 3789 .
246 3745 270 3787 et
280 3736 455 3802 Argumentum
468 3736 526 3787 libri
537 3736 590 3787 Vll.
605 3766 636 3774 -
653 3741 675 3794 l,
697 3752 749 3802 sqq.
769 3737 859 3787 Christi
879 3747 975 3798 natura,
998 3737 1138 3805 baptismus,
1153 3740 1250 3789 sita.-

271 3881 389 3933 Tlrusus
397 3900 477 3949 neque
484 3882 509 3933 in
518 3883 589 3932 codd.
605 3898 684 3946 neque
694 3881 719 3930 in
727 3882 782 3931 edd.
816 3897 855 3931 sus
867 3881 969 3947 aliquot.
984 3882 1122 3934 Notandum
1135 3894 1218 3935 antem
1235 3884 1261 3934 in
1273 3901 1368 3936 manu·

241 3958 334 4020 variat,
349 3959 430 4021 Λόγος
445 3962 526 4014 tarot.
541 3961 645 4008 Tantum
664 3956 689 4005 iu
703 3957 786 4006 codice
816 3956 911 4022 scriptis
924 3959 1101 4010 recensahlaio
1111 3959 1190 4023 editis,
1202 3960 1367 4013 Ambrosiano

242 4031 425 4084 vindobonensi
434 4036 462 4084 ad
472 4033 605 4099 marginem
614 4032 722 4082 additum
731 4043 767 4082 est
778 4049 784 4083 :
818 4031 910 4082 scilicet
922 4043 946 4082 et
961 4033 1092 4093 Vaticanis,
1106 4036 1205 4084 seorsim
1215 4034 1281 4086 hunc
1293 4053 1367 4104 repe-

247 4109 351 4175 Ἐτέρας
365 4103 426 4160 εἶναι
442 4115 520 4158 ταῦτα
532 4110 607 4159 δοκεῖ.
628 4106 701 4156 Liber
715 4107 788 4172 igitur
819 4106 872 4163 riri.
883 4125 932 4157 non
945 4109 997 4158 sine
1010 4126 1096 4174 magna
1109 4109 1221 4159 lectionis
1236 4110 1366 4172 varietate,

245 4199 293 4234 non
303 4186 375 4235 modo
389 4200 474 4244 novus,
489 4184 530 4232 sed
543 4193 568 4233 et
581 4182 628 4231 alia
641 4199 715 4231 manu
728 4182 788 4231 sori·
818 4197 891 4246 quam
901 4185 1043 4250 plenamque
1056 4185 1193 4252 amplexuri
1202 4202 1293 4248 sumus,
1309 4189 1367 4237 vnl-

243 4269 307 4326 ptns,
322 4260 388 4326 qnod
399 4276 443 4324 per
454 4275 478 4308 se
492 4259 548 4309 satis
561 4257 669 4325 patebat.
685 4258 788 4307 lactan-
818 4267 897 4321 getam
906 4268 963 4307 ante
974 4275 1017 4307 nos
1025 4259 1178 4326 scripturam,
1188 4261 1249 4310 sicut
1259 4260 1324 4311 libro
1333 4262 1367 4312 ll’

242 4333 289 4384 tius
301 4335 370 4395 item,
381 4334 433 4384 niv.
450 4334 508 4384 lnst.
526 4334 565 4394 tv,
574 4350 628 4400 cap.
643 4336 681 4394 15,
696 4332 727 4381 oh
739 4333 785 4383 alia
812 4332 1033 4397 jamlecimns‚uno
1044 4335 1367 4402 verbodesignantes,01im.

242 4409 334 4477 Sibylla
352 4411 468 4478 scriptum
480 4408 547 4458 huno
560 4423 611 4456 esse
630 4407 700 4456 docet
713 4423 742 4456 ac
754 4407 784 4456 li·
849 4410 873 4457 2.
893 4407 1017 4457 llellessia
1026 4409 1141 4460 thronum
1148 4411 1366 4468 Davidohtinento

241 4484 313 4536 hrum
326 4486 393 4551 Vlll,
411 4487 426 4552 S
442 4488 466 4546 2,
482 4483 561 4533 citans
573 4499 603 4532 ex
614 4491 720 4548 iitroque
731 4498 785 4532 ver·
815 4482 966 4542 confotu,
985 4485 1027 4549 32,
1042 4492 1067 4534 et
1081 4484 1140 4535 Luc.
1158 4487 1247 4553 Evang.
1263 4503 1318 4554 cap.
1336 4493 1365 4548 1,
