3186 5310
586 413 799 478 PRAEFATIO.
1209 432 1250 479 xv

138 549 234 617 nibus
255 548 391 640 accepit,
408 571 474 639 qno
494 548 616 625 facilius
637 549 801 640 sequentia
819 546 861 614 ad
883 547 981 637 Syros
1003 570 1090 628 suos,
1112 571 1250 638 quorum

137 658 276 725 maxime
289 657 407 749 gaudet
421 656 575 739 historiis,
590 674 742 748 tanquam
757 656 974 724 Macedonum
987 654 1136 739 heredes,
1149 673 1251 724 trans·

138 766 246 834 ferret.
262 766 346 832 Nam
365 766 469 832 virum
491 765 581 831 illum
606 765 759 852 injustum
775 781 808 830 et
821 763 1008 848 violentum,
1027 763 1060 828 iu
1079 762 1189 831 Asiam
1211 787 1251 830 ex

138 872 310 964 improviso
323 872 515 958 venientem,
533 873 610 956 388,
624 897 697 964 sqq.
716 901 724 938 :

127 1040 130 1049 .
224 980 404 1046 Descendet
416 979 541 1047 subitus
554 1005 613 1047 noc
628 979 726 1047 fando
744 977 870 1046 auditus
888 979 919 1042 in
935 1001 1042 1069 agros,

223 1088 345 1154 Felices
359 1112 453 1178 agros
467 1088 562 1174 Asiae,
576 1106 654 1173 etc.,

136 1218 201 1260 non
218 1193 343 1259 dubitat
365 1193 562 1260 Antiochum
581 1216 755 1284 agnoscere
768 1191 983 1283 Epiphanem,
997 1193 1102 1256 Roma
1115 1192 1171 1257 ubi
1190 1192 1250 1258 ali·

135 1300 276 1391 quandiu
284 1299 432 1366 detentus
441 1301 537 1367 obses
546 1300 662 1386 fuerat,
674 1294 805 1391 repente
819 1298 853 1364 in
865 1323 920 1365 sua
935 1321 1034 1388 regna
1048 1299 1246 1366 redeuntem.

133 1409 224 1490 Esto,
245 1408 270 1473 si
286 1408 353 1474 haec
372 1407 554 1474 adhucdum
576 1409 716 1474 recentia
735 1422 936 1490 canerentur,
954 1422 990 1471 ut
1010 1404 1159 1471 videlicet
1176 1406 1251 1471 Pbi-

133 1515 299 1582 lometoris
325 1515 536 1607 temporibus,
561 1516 621 1582 etsi
641 1532 767 1582 netum
792 1514 921 1605 quidem
944 1514 977 1578 in
995 1513 1137 1602 AEgypto
1158 1513 1249 1580 valde

134 1638 210 1689 nota
224 1622 320 1689 fuisse
335 1622 491 1689 credibile
503 1640 563 1689 est.
578 1622 635 1689 Sin
651 1646 727 1689 vero
743 1620 934 1712 Physconis,
956 1636 990 1686 ut
1007 1619 1072 1684 vult
1084 1621 1246 1706 Ewaldus,

136 1727 168 1792 id
182 1743 242 1810 est,
256 1727 466 1818 quadraginta
481 1743 556 1818 post
571 1726 675 1810 annis,
691 1725 763 1817 quis
779 1750 846 1791 non
858 1725 993 1791 miretur
1008 1740 1074 1789 tam
1092 1723 1250 1813 prolixam
1289 1727 1293 1734 ’

134 1850 262 1924 tamque
286 1834 461 1899 solemnem
483 1833 553 1898 lieri
580 1833 775 1899 mentionem
802 1833 893 1899 istius
918 1831 1039 1910 reditus
1059 1832 1248 1920 jamdudum

135 1941 320 2007 obliterati?
340 1965 440 2031 quum
455 1964 568 2006 omnes
581 1941 661 2023 fere,
679 1940 740 2005 nisi
756 1941 864 2023 fallor,
888 1939 981 2004 obliti
1000 1955 1105 2005 essent
1117 1963 1158 2004 an
1172 1941 1250 2032 Epi·

134 2049 255 2138 phanes
272 2050 382 2113 Romae
399 2049 495 2114 obses
515 2048 627 2114 fuisset
644 2064 678 2114 et
699 2046 864 2136 quomodo
889 2069 928 2111 ex
944 2045 998 2113 illa
1012 2045 1155 2111 custodia
1176 2071 1249 2113 eva·

135 2153 242 2238 sisset;
255 2155 433 2244 praesertim
452 2178 553 2244 quum
568 2154 610 2219 de
627 2158 696 2242 ejus
714 2154 748 2216 in
765 2153 908 2241 AEgypto
930 2151 1008 2216 etin
1025 2152 1132 2218 Judaea
1152 2156 1249 2220 rebus

135 2260 246 2349 gestis,
262 2261 364 2326 multo
381 2285 456 2326 sane
470 2262 545 2350 plus
561 2259 716 2325 momenti
732 2257 817 2348 apud
833 2257 1066 2324 Alexandrinos
1079 2276 1112 2325 et
1125 2260 1251 2327 Judaeos

135 2363 341 2447 habentibus,
369 2365 464 2455 plane
493 2366 688 2431 conticescat
709 2380 808 2430 vates.
828 2365 869 2429 Et
893 2386 1045 2452 quorsum
1061 2364 1122 2431 illae
1136 2369 1251 2434 verbo·

136 2494 208 2537 rum
225 2473 376 2562 ambages
396 2473 519 2563 illaeque
541 2473 718 2564 figurarum
733 2472 874 2536 tenebrae
896 2487 1049 2561 tanquam
1068 2473 1108 2539 ud
1128 2498 1248 2542 nomen

136 2577 399 2646 dissimulandum
427 2579 568 2645 bominis
592 2578 785 2666 jamdudum
812 2577 944 2663 mortui,
973 2601 1076 2668 neque
1095 2580 1129 2646 in
1144 2583 1248 2674 Syria,

136 2686 193 2753 ubi
206 2703 281 2752 ante
294 2687 414 2754 multos
428 2710 529 2752 annos
541 2703 740 2777 regnaverat,
764 2702 884 2775 quanto
909 2684 1014 2752 minus
1036 2686 1070 2753 in
1094 2687 1248 2782 AEgypto,

136 2793 240 2861 alieno
254 2799 371 2887 regno!
389 2795 488 2861 ullam
502 2795 545 2860 ob
561 2818 690 2861 causam
706 2791 885 2859 reticendi?

179 2903 292 2970 Statim
301 2927 378 2970 vero
389 2903 542 2969 transitur
554 2903 595 2968 ad
604 2906 671 2989 ejus
682 2901 835 2991 principis
845 2917 996 2986 mortem,
1008 2882 1251 2974 radicemunam
1326 2970 1332 2981 ,
1415 2883 1418 2890 ¹

136 3010 364 3101 relinquentis,
395 3010 473 3098 396,
500 3032 565 3099 sq„
596 3007 698 3074 lilium
718 3031 834 3098 nempe
856 3009 1018 3099 Eupatora
1040 3011 1252 3102 impuberem,

137 3118 333 3184 evellendam
348 3143 438 3196 mox,
454 3135 490 3184 ut
505 3117 672 3207 aitpoeta,
697 3140 810 3181 eorum
833 3115 977 3205 ipsorum
1001 3119 1091 3208 prole
1114 3146 1251 3212 quorum

137 3225 261 3316 prolem
273 3225 381 3292 delere
394 3241 485 3317 pater
498 3225 653 3290 voluerat.
670 3223 774 3288 Facile
788 3223 851 3289 boc
865 3224 1015 3291 ultimum
1030 3226 1071 3291 de
1087 3230 1251 3300 Demetrio

139 3333 251 3399 Sotere
264 3333 333 3424 capi
346 3348 465 3423 potest,
481 3349 624 3422 cognatae
643 3330 749 3420 stirpis
774 3330 968 3397 exstinctore
988 3356 1249 3429 successoreque3

139 3463 243 3531 neque
269 3464 330 3531 ego
354 3440 444 3505 aliter
468 3439 671 3529 interpretari
694 3437 820 3514 vellem,
848 3436 875 3502 si
901 3461 974 3504 cum
999 3442 1131 3509 Ewaldo
1153 3447 1253 3537 Syriae

142 3548 276 3638 negotiis
292 3549 404 3615 infixus
416 3548 583 3613 harerem.
601 3546 665 3612 Sed
680 3545 801 3612 mavult
819 3545 887 3635 ipse
905 3546 946 3612 de
964 3548 1080 3617 Judaeis
1093 3554 1250 3645 accipere,

140 3670 292 3745 tanquam
307 3654 430 3721 funesta
453 3652 626 3720 Seleucidis
643 3669 750 3743 geute.
771 3653 892 3718 Soteris
916 3678 993 3721 vero
1010 3681 1144 3746 regnum
1166 3685 1184 3727 e
1206 3664 1255 3729 Si.

140 3763 260 3855 byllina
278 3764 449 3854 prophetia
461 3776 505 3827 'ac
523 3785 611 3853 paene
625 3784 643 3826 e
662 3759 799 3850 Syriacis
813 3760 956 3827 historiis
969 3765 1077 3831 nescio
1090 3771 1253 3856 quomodo

85 3871 90 3881 '
142 3872 257 3957 eradit,
272 3871 406 3961 legitimi
415 3870 489 3937 licet
500 3869 739 3936 Seleucidarum
755 3868 896 3937 heredis.
911 3871 975 3935 Pro
989 3896 1027 3937 eo
1040 3874 1255 3946 Alexandrum

142 3980 251 4045 Balam
270 3978 418 4067 intrudit,
441 3978 605 4044 Rhodium
621 3976 712 4043 illum
728 3977 950 4067 impostorem,
969 3996 1025 4045 aut
1045 3982 1071 4046 si
1092 3984 1163 4073 quis
1185 3990 1256 4076 plus

143 4091 317 4180 indulgeat,
338 4087 481 4179 spurium
501 4104 657 4177 anteaque
673 4086 820 4174 ignotum
837 4087 1012 4178 Epiphauis
1030 4090 1141 4175 filium,
1160 4119 1255 4185 quem

143 4197 255 4263 decem
272 4195 370 4285 Syria
384 4196 512 4286 regibus
530 4216 748 4260 successorem
768 4193 835 4277 dat,
856 4217 912 4259 seu
926 4211 1000 4284 post
1013 4194 1124 4263 decem
1138 4224 1258 4272 cornua

144 4303 354 4369 adventitium
374 4303 465 4394 fingit
489 4326 603 4384 cornu,
632 4301 715 4368 banc
741 4301 911 4390 figurama
933 4302 1066 4369 Daniele
1084 4309 1256 4400 accipiens,

146 4434 214 4501 cap.
242 4438 275 4503 7,
298 4436 329 4477 v.
354 4435 387 4499 7,
414 4428 447 4476 et
465 4428 552 4478 recte
575 4409 719 4500 quidem,
739 4409 799 4476 nisi
816 4409 928 4475 eadem
947 4434 1066 4479 cornua
1087 4416 1127 4481 de
1148 4419 1259 4487 decem

145 4519 333 4604 Caesaribus,
358 4518 440 4585 sicut
464 4517 546 4585 infra
572 4516 727 4602 dicemus,
751 4541 918 4583 recursura
941 4536 1046 4585 essent
1075 4521 1108 4586 in
1121 4523 1258 4616 Apocal,
