3186 5310
564 445 571 455 ·
584 415 635 474 hl)
656 408 867 472 SIBYLLINA.
1206 416 1211 433 “
1224 423 1285 472 xxv

170 543 336 634 proprium
352 544 482 636 Sibyllae
500 567 619 609 nomen
636 543 747 634 primae
759 543 904 609 inscribit
920 544 1055 635 paginae,
1071 565 1189 607 nomen
1200 540 1288 608 haud

172 650 285 741 saepius
304 677 399 742 quam
414 653 463 718 bis
485 652 516 716 in
539 668 609 717 toto
634 651 793 742 Sibyllino
813 675 949 741 corpore
966 649 1202 741 reperiendum,
1226 651 1285 728 lll,

174 759 251 840 814,
266 776 298 824 et
316 762 372 842 IV,
392 783 446 846 aa,
466 759 498 825 iu
519 759 614 826 tertio
639 759 759 826 scilicet
774 760 871 840 libro,
889 759 1107 847 judaicorum,
1129 758 1208 823 etin
1226 757 1288 823 hoc

172 884 299 957 quarto,
317 867 565 934 christianorum
583 867 817 958 antiquissimo.

216 975 279 1041 Sed
291 976 381 1065 plura
394 975 477 1041 infra
497 975 537 1041 de
551 975 614 1041 hoc
630 974 715 1042 libro
741 976 846 1066 deque
861 976 929 1063 ejus
955 991 1087 1040 auctore
1103 972 1287 1040 disserenda

174 1100 372 1151 succurrent.

476 1253 540 1317 W.
567 1254 615 1317 De
640 1254 798 1318 Prooemt‘o
822 1251 989 1336 Sibyllino.

220 1407 372 1494 Apertam
387 1405 483 1470 semel
497 1405 581 1469 viam
595 1402 1145 1495 pseudo-Sibyllinaevaticinationis
1160 1401 1226 1469 sive
1240 1402 1294 1467 alii

175 1534 232 1576 seu
256 1509 340 1577 forte
363 1510 448 1576 idem
473 1510 598 1600 longius
621 1511 780 1602 persecuti
805 1528 905 1577 sunt:
929 1533 1068 1600 quorum
1098 1532 1136 1574 ex
1163 1507 1294 1598 ingenio

174 1633 363 1709 prognatum
381 1633 428 1683 est
444 1641 571 1684 carmen
587 1618 665 1685 illud
681 1617 769 1708 quod
784 1618 880 1707 vulgo
893 1615 1087 1682 Prooemium
1100 1614 1294 1706 Sibyllinum

174 1725 371 1805 inscribitur,
387 1726 430 1791 ita
445 1726 565 1792 dictum
587 1749 651 1790 non
664 1726 726 1791 alio
742 1728 813 1813 jure
829 1748 925 1815 quam
941 1723 1029 1813 quod
1044 1721 1246 1811 Theophilus
1262 1737 1295 1786 et

175 1831 356 1898 Lactantius
371 1833 491 1922 primos
504 1835 572 1919 ejus
587 1856 693 1898 versus
709 1849 860 1921 tanquam
874 1855 913 1896 ex
926 1829 1083 1919 principio
1097 1828 1226 1919 Sibyllae
1238 1851 1294 1894 seu

175 1940 295 2006 Graecae
310 1940 375 2005 sive
397 1941 569 2029 Erythraeae
593 1940 743 2018 afferunt.
762 1941 890 2004 Frustra
905 1955 1012 2002 autem
1035 1936 1068 2000 in
1085 1935 1189 2018 mstis,
1206 1935 1296 2000 ideo-

176 2070 238 2137 que
257 2047 290 2112 in
306 2047 502 2137 primoribus
525 2047 614 2125 edd..
642 2047 705 2111 hoc
729 2069 858 2111 carmen
885 2067 1019 2134 quaeras,
1047 2042 1201 2132 equibus
1216 2065 1297 2131 quo-

178 2153 275 2219 modo
303 2155 398 2219 fuerit
419 2155 469 2219 vel
498 2177 597 2244 quam
623 2155 666 2217 ob
689 2175 818 2218 causam
837 2151 988 2228 deletum,
1008 2148 1092 2214 inlra
1114 2147 1297 2239 disputandi

178 2260 268 2324 locus
282 2259 344 2323 erit
366 2283 373 2322 :
390 2283 474 2324 nunc
488 2277 614 2350 tempus
636 2274 684 2324 est
701 2260 803 2348 ipsum
818 2257 945 2348 penitus
961 2255 1130 2346 inspicere.
1171 2291 1173 2296 ·

224 2364 385 2453 Scriptum
401 2381 449 2431 est
466 2366 537 2430 fere
555 2364 649 2430 unice
664 2365 825 2431 adversus
842 2362 995 2428 insaniam
1017 2362 1196 2451 gemilium,
1215 2386 1298 2452 quos

180 2471 328 2537 vanitatis
341 2494 474 2560 arguere
489 2490 518 2535 et
535 2472 574 2538 ad
590 2471 656 2537 veri
673 2470 732 2536 Dei
750 2471 872 2536 cultum
884 2493 1032 2535 revocare
1045 2486 1192 2535 conatur.
1205 2469 1316 2536 AEtas·

181 2577 329 2644 carminis
341 2577 553 2644 remotissima
574 2578 747 2669 primisque
770 2576 902 2643 secundi
924 2576 1029 2642 saeculi
1052 2576 1151 2643 initiis
1166 2601 1296 2670 suppar,

178 2684 238 2750 nisi
260 2684 355 2750 etiarn
376 2685 530 2768 anterior,
559 2685 799 2751 demonstratur
826 2683 1122 2773 antiquissimorum
1146 2686 1297 2771 Patrum,

178 2790 291 2857 Justini
304 2792 493 2887 prasertim,
509 2791 698 2858 testimoniis
713 2792 773 2858 sub
792 2790 934 2857 medium
949 2793 1015 2876 ejus
1031 2789 1135 2855 saeculi
1153 2789 1294 2880 scriptis.

180 2898 430 2965 Alexandrinum
447 2903 489 2965 ab
506 2900 656 2966 omnibus
678 2899 782 2965 doctis
804 2898 1002 2990 agnoscitur,
1032 2898 1119 2986 quod
1147 2921 1184 2962 ea
1208 2920 1299 2988 paene

181 3004 350 3095 Sibyllistis
369 3007 517 3071 omnibus
533 3007 709 3072 communis
725 3007 824 3095 patria
843 3007 908 3071 sive
922 3005 1014 3071 sedes
1035 3004 1142 3088 fuerit,
1162 3021 1195 3070 et
1211 3002 1298 3094 quod

181 3111 330 3177 adversus
343 3112 549 3202 AEgyptiacas
563 3113 732 3203 religiones
746 3112 945 3201 potissimum
960 3111 1139 3193 invehatur,
1153 3111 1208 3193 30,
1225 3133 1297 3200 sqq.

183 3216 245 3283 Sed
257 3217 296 3282 de
311 3219 450 3284 auctoris
462 3219 629 3309 religione,
645 3218 718 3284 lieet
730 3218 859 3309 plurimi
869 3217 1075 3284 christianam
1087 3217 1298 3296 consentiant,

182 3325 311 3390 fuerunt
324 3324 378 3414 qui
396 3325 583 3407 dubitarent
598 3350 607 3393 ι
623 3350 703 3415 quos
715 3326 797 3391 inter
809 3324 997 3414 praecipuus,
1013 3323 1073 3389 nisi
1084 3348 1151 3389 aevo
1163 3323 1297 3414 primus,

182 3430 351 3498 habendus
363 3448 411 3497 est
426 3431 585 3514 bleekius,
600 3432 649 3496 vir
658 3431 846 3497 eruditionis
860 3429 1081 3518 sagacissimae,
1094 3431 1134 3496 de
1145 3430 1301 3520 Sibyllina

183 3538 347 3605 literatura
362 3540 444 3604 bene
465 3540 598 3605 meritus
622 3538 738 3605 eximia
757 3537 977 3604 lucubratione
1000 3537 1085 3603 inter
1105 3537 1303 3626 theologicas

183 3646 416 3736 disputationes
432 3671 450 3712 a
468 3646 762 3713 Schleiermachero
781 3646 942 3725 collectas,
959 3645 1099 3714 Recolin.
1123 3648 1218 3733 1819.
1239 3644 1303 3728 Qui

184 3753 264 3819 mihi
280 3778 346 3818 non
361 3753 436 3820 satis
450 3753 576 3819 videtur
590 3754 763 3820 attendisse
783 3755 822 3820 ad
843 3753 1022 3818 doctrinam
1039 3768 1148 3842 aperte
1163 3752 1305 3818 christia·

183 3886 259 3951 *nam
273 3861 306 3926 in
320 3863 413 3949 hujus
432 3861 581 3928 carminis
599 3862 733 3952 prologo
750 3879 782 3927 et
800 3860 929 3951 epilogo
950 3859 1126 3950 expositam
1148 3882 1156 3925 ε
1174 3858 1207 3924 in
1228 3883 1306 3949 pro-

186 3970 260 4058 logo
284 3969 414 4058 quidem
434 3968 474 4034 de
488 3972 558 4034 Deo
573 3970 668 4034 Patre
691 3986 723 4033 et
745 3968 865 4058 Spiritu
887 3984 1007 4049 saneto,
1028 3963 1171 4055 quamvis
1195 3988 1213 4029 a
1234 3962 1305 4030 Filii

186 4099 320 4165 persona
337 4100 404 4142 non
421 4074 496 4142 satis
515 4075 560 4142 ibi
581 4076 730 4142 distincto
755 4075 831 4165 (sed
851 4075 914 4139 hoc
933 4072 1045 4139 vitium
1062 4072 1122 4137 fuit
1139 4071 1224 4161 apud
1238 4069 1305 4161 pri-

187 4204 305 4246 maevos
325 4181 533 4261 Christianos,
552 4184 727 4272 praesertim
744 4182 953 4270 judaizantes,
969 4178 1100 4247 minime
1111 4180 1254 4265 rarum),
1273 4179 1306 4242 in

186 4286 313 4376 epilogo
331 4304 438 4354 autem
457 4288 497 4354 de
511 4306 595 4354 statu
612 4289 780 4354 hominum
792 4305 866 4379 post
881 4286 1038 4375 judicium
1050 4286 1172 4362 futuro,
1191 4284 1246 4374 qui
1259 4284 1305 4351 ibi

188 4416 318 4480 prorsus
331 4393 372 4459 ad
384 4394 581 4459 catholicum
603 4419 732 4462 sensum
751 4395 930 4459 exhibetur.
949 4395 996 4457 De
1010 4391 1059 4457 his
1073 4391 1163 4482 plura
1185 4414 1245 4455 nos
1258 4412 1307 4456 re-

190 4520 348 4565 servamus
375 4500 408 4565 in
430 4501 651 4566 annotationes
677 4478 751 4592 posi
777 4517 897 4565 textum
918 4497 1110 4589 Sibyllinum
1133 4498 1192 4562 sub
1216 4496 1307 4562 volu·
