3186 5310
201 955 611 1089 ΧΡΗΣΜΟΙ.
662 960 1255 1092 ΣΙΒΥΛΛΙΑΚΟΙ.

667 1260 770 1283 -00-

560 1472 861 1574 ΠΡΟΟΙΜΙΟΝ

282 1713 332 1775 El(
353 1713 434 1776 ΤΩΝ
455 1714 534 1775 ΤΟΥ
553 1715 757 1777 (leonthon
778 1715 882 1776 ΠΡΟΣ
905 1715 1153 1778 ΑΥΤΟΛΥΚΟΝ.
1264 1742 1266 1744 ’

235 2195 397 2306 Ᾰνθροποε
411 2214 514 2289 θνητοὶ
534 2216 587 2283 καὶ
601 2213 751 2309 σάρκινον,
767 2203 855 2282 οὐδὲν
870 2213 985 2296 εόντες,

234 2325 308 2401 Πῶς
326 2323 446 2414 ταχέως
464 2317 608 2409 ὑψοῦσθε,
630 2322 698 2408 βίου
715 2325 803 2401 τέλος
821 2324 876 2389 οὐκ
890 2324 1070 2415 ἐσορῶντες,

235 2432 282 2495 Οὐ
298 2432 431 2521 τρίμετ,
448 2420 520 2494 οὐδὲ
535 2423 674 2521 ροὸεἳοθε
689 2430 777 2510 Θεὸν,
794 2430 846 2496 τὸν
864 2427 1029 2496 ἐπίσκοπον
1048 2431 1148 2519 ὑμῶν,

233 2513 369 2626 Ῠψεστον
384 2537 534 2628 γνώστην,
552 2521 799 2630 παν[επ]όπτην,
818 2533 959 2628 μάρτυρα
977 2534 1118 2621 πάντων,

161 2699 164 2705 ,
186 2642 204 2708 5
234 2641 456 2733 Παντοτρόρον
470 2639 612 2726 κτίστην,
633 2644 719 2721 ὅστις
737 2643 831 2737 γλυκὺ
856 2643 970 2732 Πνεῦμ’
985 2644 1014 2708 ἐν
1031 2640 1130 2709 ἅπασι

236 2747 386 2832 Κοίτθετο,
404 2753 568 2843 χήγητῆρα
588 2745 705 2844 βροτῶν
720 2748 845 2816 πάντων
864 2748 1017 2822 ἐποίησεν.

234 2850 289 2933 Εἷς
303 2849 391 2940 neh,
405 2851 437 2932 ὃς
455 2855 548 2947 μόνος
567 2852 667 2950 ἄρχει,
682 2857 902 2951 ὑπερμεγέθης,
916 2856 1075 2950 ἀγένητος,

187 3027 254 3079 Ano.
270 3026 413 3077 Exhortatio
435 3027 466 3077 ad
485 3027 586 3093 gentiles
606 3037 634 3078 ut
655 3044 670 3078 a
690 3027 804 3079 falsorum
826 3029 928 3079 deorum
950 3029 1019 3079 cultu
1040 3029 1071 3079 ad
1095 3046 1170 3080 ursum
1191 3048 1275 3082 verum

152 3114 228 3165 neum
242 3120 422 3163 convertantur.
430 3111 483 3163 Hoc
492 3111 650 3174 Prooemium,
663 3111 697 3163 sic
707 3113 806 3179 quidem
816 3113 883 3181 apud
892 3113 1039 3163 recentiores
1052 3113 1152 3164 inscribi
1165 3115 1272 3178 solitum,

184 3259 301 3310 Ttrttntts
311 3258 358 3310 hoc
372 3258 425 3310 loeo
437 3259 518 3310 nullus
527 3259 642 3326 antiquus
653 3270 698 3321 est,
730 3268 840 3327 tempora
851 3275 965 3310 servasse.
980 3258 1029 3309 Nec
1043 3257 1129 3309 titulus
1140 3259 1274 3320 modo,sed
1317 3255 1319 3264 '

151 3335 222 3402 quis,
236 3345 264 3386 ut
278 3334 397 3393 diximus,
413 3351 464 3385 non
482 3352 581 3386 carmen
598 3335 698 3403 aliquod
729 3343 755 3385 et
766 3334 873 3400 antique
894 3334 1021 3401 scripture
1042 3334 1109 3383 deest
1130 3334 1273 3401 auctoritas,

151 3411 272 3477 integrum
290 3410 423 3477 protertur,
442 3411 484 3461 sed
504 3410 665 3478 fragmentum
683 3429 697 3462 e
729 3420 817 3476 praeter
830 3427 907 3460 unum
918 3410 1028 3461 codicem
1040 3426 1070 3460 ex
1084 3425 1133 3476 quo
1143 3408 1273 3478 Theophili

150 3486 281 3554 Theophili
312 3486 446 3536 detrsctnm
476 3488 592 3553 operibus
622 3499 697 3554 atque
729 3487 842 3554 princeps
852 3484 1129 3552 editioproeessit:levi
1139 3494 1220 3536 tamen
1228 3487 1273 3536 ‹le-

150 3562 228 3629 ipsum
238 3561 317 3613 tribus
334 3571 446 3612 constans
461 3564 596 3629 segmentis.
611 3562 695 3631 Neque
728 3563 853 3623 trimento‚
862 3563 920 3628 quia
930 3561 1113 3612 textnsuidetur
1123 3561 1155 3610 nd
1164 3578 1208 3612 nos
1217 3579 1273 3629 per·

148 3640 196 3690 alio
217 3640 272 3705 jure
293 3638 439 3689 Prooemium
458 3639 600 3690 inscribitur
622 3656 696 3705 quom
728 3639 820 3689 venisse
838 3639 895 3688 satis
916 3637 1009 3703 integer
1028 3636 1160 3702 paucisque
1177 3639 1272 3689 mendis

148 3715 215 3780 quod
224 3714 374 3781 Theophilus
383 3714 419 3764 sit
428 3715 520 3765 lectum
533 3731 577 3765 suo
585 3724 695 3782 tempore
726 3715 870 3765 maculatus.
898 3712 1016 3763 Preterea
1041 3712 1157 3763 lectiones
1180 3713 1273 3779 sliquos

148 3789 220 3839 luisse
230 3790 255 3840 in
269 3789 391 3857 principio
401 3789 527 3857 sibyllino
537 3791 693 3842 vaticinatio-
725 3805 799 3839 novas
816 3790 936 3839 dederunt
954 3787 1270 3857 Ecclesiasticia'scriptores,
1310 3826 1317 3843 .

147 3865 192 3922 nis.
206 3866 230 3915 is
242 3865 308 3932 ἀρχῆ
317 3873 361 3926 τῆς
370 3868 521 3934 προφητείας
533 3868 616 3928 αὐτῆς
630 3866 692 3917 Lac·
724 3865 842 3926 lustinus,
861 3865 980 3926 Clemens,
996 3865 1145 3928 Lactantius,
1159 3865 1201 3931 qui
1212 3865 1270 3917 hinc

145 3927 326 3990 taonusautem
335 3940 377 3990 lib.
390 3939 432 4002 lv,
445 3958 500 4007 cap.
515 3946 529 3991 6
540 3959 546 3991 ;
563 3964 576 3987 a
588 3941 689 4008 Sibylla,
723 3940 850 4007 desumpta
859 3939 997 3990 testimonia
1010 3956 1060 3989 noo
1075 3956 1124 3989 nno
1139 3939 1194 3989 loco
1204 3949 1271 3991 attn·

144 4036 156 4059 ο
174 4015 263 4081 inquit,
274 4014 400 4081 Erythras
413 4016 439 4065 in
447 4017 561 4066 carminis
568 4018 606 4067 sui
619 4017 690 4083 prin·
722 4015 813 4066 lerunt.

143 4090 271 4157 «cipio»
309 4089 369 4140 lnde
396 4092 520 4158 colligitur
548 4092 688 4143 conlectum
757 4095 779 4149 l,
802 4106 855 4157 sqq.
878 4089 1032 4156 segmentum
1057 4090 1129 4156 hujus
1156 4092 1287 4159 carminis!

141 4163 212 4215 luisse
230 4165 278 4216 hoc
296 4182 395 4217 carmen
417 4178 445 4218 ut
467 4166 606 4234 Sibyllinis,
633 4184 687 4234 quse
720 4165 839 4232 primum,
852 4168 918 4226 1-35,
930 4166 995 4233 apud
1003 4165 1166 4232 Theophilum
1178 4167 1267 4233 legitur

141 4241 446 4302 tnmcircnmlerebsntnr,
463 4243 613 4293 carminibus
624 4242 685 4310 Ery·
718 4242 783 4291 libro
798 4240 833 4301 ll,
848 4257 901 4308 pag.
917 4245 976 4304 ets,
991 4242 1029 4291 ed.
1045 4241 1132 4303 Paris,
1148 4257 1204 4291 cum
1219 4242 1266 4292 hac

138 4316 220 4366 thrteis
234 4315 384 4383 vulgodictis
393 4317 490 4382 (iisdem
499 4334 553 4384 qute
563 4335 629 4368 nunc
639 4317 682 4369 tib.
717 4316 862 4369 transitione
876 4334 882 4366 ε
901 4318 1003 4367 Σίόολλει
1020 4317 1047 4367 δὲ
1067 4318 1092 4368 ἐν
1106 4319 1210 4377 ’Ἕλλησι
1225 4318 1267 4368 καὶ

135 4390 180 4456 111,
195 4392 233 4458 §1
248 4401 273 4443 et
287 4395 314 4459 l)
333 4393 511 4460 prefigeretun
531 4403 605 4460 atque
628 4393 684 4444 inde
718 4394 743 4444 lv
755 4393 807 4449 τοῖς
816 4391 897 4450 ἄλλοις
907 4391 987 4442 ἔθνεσι
1001 4394 1119 4456 γενομένη
1131 4394 1262 4458 προφῆτις,

135 4467 243 4534 primum
256 4467 325 4519 illum
337 4469 418 4520 locum
433 4486 510 4535 usque
522 4470 553 4520 ad
563 4470 684 4521 Lactantii
718 4471 743 4520 iv
758 4473 820 4536 ἀρχῇ
839 4468 883 4529 τῆς
895 4471 1046 4535 προφητείας
1064 4468 1141 4528 αὐτῆς
1155 4468 1262 4526 ὀνειδίζοι
