3186 5310
239 414 301 473 3¹12
738 406 853 467 NOTAE

241 543 365 594 Christum
377 524 470 600 ¹tertio,
484 539 643 601 exstantibus,
655 540 723 589 locus
736 539 784 589 erit
810 539 896 605 dicta,
909 558 963 607 qum
976 541 1058 592 Clusio
1071 551 1096 593 et
1115 541 1227 592 Bruhino
1240 562 1253 585 ιι
1261 540 1356 591 Nardus

239 618 337 669 dicendi
349 618 381 668 ad
398 616 460 676 xlv,
476 618 540 679 272,
553 615 597 666 ubi
606 615 661 664 vide
674 624 724 664 not.
812 637 824 660 ι
833 616 925 667 Celtica
935 633 957 675 ις
968 618 1065 668 llallero
1075 639 1088 663 ιι
1096 618 1224 668 Vslcrisua
1237 617 1302 666 loliis
1316 616 1354 666 in·

273 699 322 754 66,
339 709 393 758 sqq.
421 691 513 742 Rursus
536 691 587 754 hic,
608 701 635 741 ut
653 689 716 739 libro
734 689 783 749 Vl,
812 713 824 736 ιι
833 693 977 758 tegerrimis,
988 694 1135 744 radicalibus
1145 695 1237 756 oratu,
1251 692 1354 744 caulinis

239 784 284 818 nec
303 767 362 818 satis
375 776 523 833 opportune,
537 765 685 832 exspatiatur
696 764 784 815 Noster
811 789 824 810 ιι
833 767 965 818 linearibus
973 768 1065 818 obtusis
1074 785 1104 830 ις
1117 767 1218 819 Linneo
1232 777 1259 818 ct
1269 782 1353 818 nom·

239 844 270 893 de
281 842 373 892 Christi
387 840 517 906 baptismo,
531 841 600 906 cujus
608 839 727 890 mentioni
738 856 784 890 cur
809 842 913 893 tioribus
933 865 946 888 ιι
960 843 1088 894 Valeriana
1102 842 1228 895 Celtica».
1249 843 1284 892 lle
1306 842 1352 894 hac

238 927 334 969 tantum
347 917 459 975 insistat,
474 916 549 982 probe
560 917 610 983 jam
621 915 732 966 norimus
745 932 795 966 aar
809 917 927 980 llallcrus,
941 918 1019 985 Stirp.
1034 918 1101 969 llelr.
1126 927 1186 969 tom.
1201 917 1222 976 l,
1237 932 1291 984 pag.
1305 920 1351 968 st:

164 1048 170 1062 .
238 995 401 1059 tisquesupra
414 1002 525 1043 notatum
538 992 615 1042 estad
629 991 674 1052 Vl,
692 996 714 1041 l.
810 1013 823 1038 ι
838 992 904 1043 Odor
915 994 993 1044 multo
1014 993 1182 1044 vehementior
1201 1007 1279 1058 quam
1299 992 1352 1040 rul-

274 1071 315 1128 Π,
333 1084 386 1134 sqq.
405 1068 461 1117 llos
481 1066 587 1118 turrium
607 1066 721 1133 allegoria
731 1082 783 1116 ma·
810 1087 822 1112 ι
838 1067 889 1132 gari
899 1069 1015 1135 [nempe,
1029 1078 1057 1118 ut
1068 1069 1206 1135 opinamur,
1218 1064 1350 1132 officimli]

238 1143 349 1195 nentium
367 1143 393 1192 in
412 1143 470 1192 celo
488 1143 564 1208 justos
580 1143 693 1199 advenas,
707 1139 783 1208 petita
809 1164 822 1188 ιι
836 1143 898 1194 vires
911 1143 1033 1210 promittit
1043 1145 1159 1208 majores:
1170 1157 1259 1208 parum
1268 1150 1350 1191 tamen

238 1217 335 1267 videtur
347 1234 377 1267 ex
390 1217 484 1267 llermrs
492 1217 598 1278 Pastore,
609 1216 653 1266 lib.
669 1216 690 1280 l,
702 1216 745 1266 ris.
756 1220 781 1276 3,
809 1237 822 1261 ι
836 1217 862 1267 ἰιι
875 1217 979 1268 officinis
990 1227 1048 1268 nota
1065 1227 1110 1268 est.
1128 1218 1156 1266 ln
1169 1216 1304 1284 AEgypturn
1319 1215 1350 1264 ad

199 1292 207 1310 '
238 1308 378 1359 quanquam
396 1292 431 1343 ibi
451 1291 526 1342 turris
543 1291 616 1342 unius
630 1291 721 1341 mentio
739 1291 781 1354 fit,
810 1291 1211 1358 «sexagintatonooshujusnsrdi
1220 1289 1351 1355 quotannis

239 1384 303 1433 quse,
315 1368 403 1423 limma
417 1367 469 1434 ipso
486 1376 679 1431 commentante,
700 1366 782 1417 Eccle·
810 1387 822 1411 ι
836 1382 867 1417 ea
884 1366 1011 1418 Germania
1025 1368 1164 1427 mittuntur,
1177 1365 1350 1432 quihnsutnn-

237 1442 274 1493 sis
287 1451 324 1493 est
337 1457 343 1494 :
357 1452 407 1494 tres
423 1452 502 1492 turres
515 1441 664 1507 totidemque
680 1441 782 1491 virtutes
810 1461 822 1485 ι
835 1450 876 1490 tur
884 1443 915 1492 ad
926 1451 1076 1508 ungerentum
1084 1441 1150 1506 quod
1162 1450 1243 1490 cutem
1252 1438 1350 1488 mollem

237 1517 265 1568 iu
279 1517 309 1568 iis
320 1516 467 1578 habitantes,
478 1533 508 1566 es
520 1515 616 1582 iugenio
629 1526 686 1567 sunt
698 1516 781 1582 Sibyl·
809 1536 822 1560 ι
838 1526 929 1577 serret3
945 1516 988 1567 alii
1000 1517 1033 1566 ad
1046 1516 1134 1566 balnea
1145 1515 1215 1565 aiunt
1227 1512 1348 1564 adhiberi.

235 1592 306 1645 listas.
325 1593 409 1658 Neque
429 1608 486 1643 vero
509 1592 550 1642 hic
577 1591 697 1657 reperias,
715 1592 781 1656 quod
808 1610 821 1634 ι
838 1590 963 1641 Veteribus
976 1591 1100 1642 notissima
1113 1599 1166 1640 crat
1184 1588 1280 1638 llardus
1294 1587 1350 1638 Gal·

236 1664 337 1717 fortasse
350 1682 475 1733 spensam,
488 1667 540 1732 ipsa
551 1665 648 1716 nomina
657 1665 782 1716 Virtutum
809 1685 821 1709 ιι
835 1664 882 1716 lica
893 1666 992 1716 olusatri
1006 1665 1073 1724 lolio,
1087 1665 1157 1715 caule
1167 1662 1268 1713 cubitali
1282 1662 1350 1728 geni-

237 1740 475 1806 qussllirusPaulus
483 1741 628 1791 recensetad
640 1740 750 1792 Corinth.
759 1739 779 1798 l,
808 1741 926 1800 oculato,
940 1741 1014 1806 [llorc
1022 1742 1047 1806 l]
1058 1740 1084 1790 in
1096 1755 1202 1806 purpura
1214 1738 1260 1805 [sn
1268 1737 1351 1805 potius

237 1832 292 1883 cap.
303 1819 342 1879 13,
351 1832 375 1867 r.
389 1818 429 1879 ts,
441 1832 495 1882 quse
506 1817 577 1882 vulgo
588 1814 727 1880 theologice
736 1831 780 1866 vo·
808 1836 820 1860 ιι
836 1831 865 1865 ex
882 1832 989 1882 purpura
997 1816 1025 1880 l]
1038 1814 1175 1875 albicante,
1192 1813 1276 1863 radice
1286 1811 1350 1863 obli-

236 1901 357 1942 cantuset
367 1891 480 1941 omnibus
489 1901 552 1941 notre
565 1901 630 1949 suut,
642 1892 730 1950 ninere,
743 1891 780 1942 tt-
807 1911 819 1934 ιι
835 1906 884 1955 qua
901 1891 982 1941 arium
996 1892 1068 1957 pedes
1078 1889 1203 1949 imitante;
1225 1887 1279 1938 aliis
1296 1885 1350 1936 Plus

233 1966 383 2031 nlqdpdsm,
397 1992 411 2011 ι
421 1966 561 2033 Γιάω,τριτ;
571 1965 660 2016 caritas
669 1987 691 2015 s.
707 1966 780 2033 Apud
807 1985 820 2010 ιι
836 1963 916 2015 Plinii.
931 1967 960 2017 ln
976 1965 1086 2016 antidoto
1101 1964 1176 2016 hahet
1188 1964 1281 2014 Celsus.
1294 1961 1351 2012 Nou

235 2040 349 2091 Nostrum
362 2041 411 2092 alia
426 2040 474 2091 tria
494 2051 550 2091 sunt
574 2042 681 2102 nomina,
704 2042 778 2099 stete,
806 2060 818 2084 ι
832 2039 917 2091 dubito
931 2040 991 2106 quin
1004 2040 1036 2090 ad
1054 2055 1183 2090 nervorum
1202 2037 1351 2089 instabilita-

234 2115 344 2178 τῦστὸίη,
363 2116 549 2181 στῦασμοσύνη,
570 2132 674 2181 quorum
692 2125 779 2182 praeter
806 2136 819 2159 ιι
833 2122 898 2174 tem,
923 2115 1024 2181 perinde
1043 2125 1071 2165 ut
1088 2113 1213 2165 Valeriana
1233 2112 1352 2163 silvestris

235 2190 319 2241 ἐλπίδα
340 2192 436 2241 nullum
460 2207 516 2240 cum
540 2191 649 2257 Apostoli
670 2191 778 2256 catalogo
805 2209 819 2234 ιι
832 2188 989 2255 [officinalem
1002 2188 1245 2256 intellige]etmsgis
1258 2187 1348 2238 valeat.

236 2265 364 2329 convenit,
383 2265 430 2316 nisi
451 2266 575 2317 obsideres
596 2267 706 2316 eamdem
727 2281 778 2315 esse
805 2263 1048 2330 sNuperisneglecta
1056 2264 1219 2324 est,ntnulla
1232 2264 1351 2329 ejuspost

245 2355 293 2390 tum
307 2339 409 2391 caritate
428 2349 514 2422 putes,
533 2342 599 2406 quod
616 2341 671 2391 vide
689 2356 722 2390 an
738 2342 779 2391 ad·
804 2359 817 2382 κ
830 2339 944 2389 seculum
954 2338 1007 2389 xvl
1019 2339 1075 2388 icon
1089 2339 1144 2389 data
1157 2338 1197 2399 sit,
1209 2338 1280 2388 nulls
1293 2338 1349 2388 des·

244 2415 302 2473 uitti
317 2416 411 2482 possit:
426 2432 470 2466 nos
488 2416 587 2482 quidem
605 2433 654 2466 non
673 2417 777 2466 multum
804 2413 956 2479 «criptis»

239 2490 424 2554 adversabimur.
435 2491 559 2554 llocte,ut
572 2491 641 2553 solet,
655 2507 777 2541 commen·
840 2490 894 2546 132,
913 2505 966 2555 sqq.
994 2488 1022 2538 ln
1042 2489 1081 2539 his
1099 2487 1206 2538 uersibus
1230 2488 1349 2554 judaismi

235 2575 288 2618 tam
301 2565 332 2616 de
342 2564 453 2616 hocloco
467 2566 526 2616 clar.
538 2565 650 2616 Ewaldus
660 2565 776 2628 (Dissert.
803 2561 935 2620 morientis,
945 2579 1023 2628 eoque
1032 2562 1105 2628 magis
1114 2562 1262 2628 impatientis
1271 2562 1349 2621 mori,

233 2655 289 2706 pag.
310 2644 350 2700 tu,
370 2642 438 2706 not.)
459 2642 494 2692 its
514 2641 587 2691 vertit
606 2659 612 2690 :
629 2640 775 2708 Hoffauog,
802 2647 923 2687 extremus
934 2654 1020 2688 sonere
1028 2639 1125 2688 videtur
1135 2638 1264 2688 anhelitus.
1278 2637 1352 2700 Quo·

232 2715 419 2782 Froenonigleiq
432 2714 656 2783 Diensssertlgkeir,
671 2725 737 2766 recte
745 2718 777 2767 ad
802 2728 878 2777 usqua
891 2713 949 2762 leni
963 2712 1088 2779 potuerint
1103 2730 1131 2763 sc
1144 2729 1228 2763 revers
1241 2713 1350 2763 tolerata

232 2787 408 2856 philologicum
432 2805 541 2850 sensum,
561 2791 592 2841 ad
614 2790 776 2856 rlaeologicum
802 2785 927 2837 luerintin
942 2787 1049 2838 Ecclesia
1066 2797 1179 2838 nascente
1190 2788 1301 2853 antiquae
1317 2789 1348 2838 il·

231 2863 313 2914 minus
328 2873 404 2913 recte.
420 2864 493 2928 blagis
509 2881 566 2914 vcro
584 2864 723 2932 probandus
738 2866 776 2916 si·
802 2861 840 2910 lus
854 2861 979 2928 theologiae
996 2863 1107 2930 vestigia,
1129 2862 1311 2930 disquisivimus
1323 2863 1349 2914 in

232 2936 500 3005 byllistaludaeuslibri
512 2939 540 3000 V,
554 2941 776 3007 284‚popularium
802 2935 910 2986 Excursu
927 2947 1010 2987 1¹⁰³lr0
1025 2938 1073 2998 Vl.
1095 2948 1158 3004 1¹³st-
1182 2937 1231 2997 ΠΙ,
1245 2953 1304 3005 “P-
1322 2942 1348 2990 3·

230 3027 340 3074 anonim,
357 3029 417 3078 qnos
435 3013 470 3064 ibi
490 3015 595 3065 maxime
611 3016 705 3077 lauda,
725 3017 776 3066 vir.
802 3010 911 3061 llicrero
922 3012 1022 3062 minime
1036 3012 1132 3063 delendi
1141 3022 1218 3080 potest
1227 3013 1273 3063 ista
1285 3014 1344 3065 doe·

231 3097 296 3137 tutes
304 3087 339 3139 ita
348 3103 488 3138 resumens:
801 3085 880 3145 trina,
900 3087 991 3154 quippe
1009 3098 1092 3154 aperte
1110 3088 1136 3138 in
1154 3088 1257 3138 schisma
1275 3099 1304 3140 et
1320 3090 1346 3140 in

234 3163 368 3225 ”Hircoso
382 3164 494 3224 τύσεὸίην
512 3165 616 3230 pericles
632 3166 674 3216 scal
693 3168 774 3217 πίστιν
801 3161 912 3212 heresim
924 3162 1065 3228 prolabens,
1084 3164 1126 3214 ubi
1146 3162 1290 3214 dissidentes
1313 3166 1347 3216 ab

669 3240 775 3306 ἔχοντες,
801 3237 956 3303 opinionibus
969 3238 1026 3299 suis,
1041 3239 1153 3290 damnata
1166 3239 1227 3304 ipsa,
1244 3240 1345 3291 damm

232 3310 276 3361 ubi
290 3321 338 3362 tres
351 3311 398 3362 illae
409 3322 509 3378 possunt
517 3312 551 3363 sic
564 3312 614 3363 lere
627 3316 691 3365 verti
704 3333 709 3363 :
801 3321 849 3362 eta
861 3312 1110 3364 christianasocietate
1120 3314 1207 3380 rejicit.

234 3384 293 3454 Spes
311 3387 396 3450 vivax,
417 3387 542 3455 pietasque
559 3388 645 3440 animis
664 3390 773 3447 immota,
838 3387 1210 3453 transportaneorum
1224 3400 1353 3456 supputa-'

410 3498 411 3501 ,
659 3456 773 3521 fidesque,
802 3459 875 3521 tione,
889 3471 1017 3529 postquam
1031 3479 1080 3512 rem
1095 3463 1213 3514 inomnes
1226 3466 1347 3517 vertimus

232 3543 282 3578 non
293 3529 363 3594 longe
376 3528 408 3579 ab
420 3529 553 3596 apostolico
566 3545 650 3590 sensu,
667 3531 687 3580 si
701 3531 776 3597 pietas
801 3545 890 3601 partes,
903 3538 944 3588 hic
955 3538 1051 3588 demum
1068 3539 1228 3589 consistimus
1243 3542 1346 3592 Annum

231 3619 277 3670 ΡΝ
291 3604 393 3654 0⁸¹5th
406 3603 548 3670 accipiatur,
557 3605 640 3669 utiam
648 3606 749 3658 dictum.
801 3610 840 3677 agi
852 3621 964 3677 putamus
976 3613 1215 3674 350,aerseridelioet
1226 3615 1344 3677 Actiaca,

269 3680 324 3729 1⁰5.
343 3679 436 3745 Στάχυν
458 3677 488 3729 de
511 3678 631 3729 frumento
656 3680 777 3748 interpre·
801 3701 856 3750 quse
868 3696 928 3737 tunc
946 3687 997 3738 sola
1013 3689 1062 3739 iere
1080 3688 1106 3738 in
1124 3688 1223 3740 Oriente
1242 3703 1345 3758 recepte

231 3753 280 3803 tari
300 3752 340 3803 ria
359 3753 432 3815 licet,
458 3755 526 3820 cujru
542 3754 646 3807 maxims
669 3772 724 3821 pars
745 3773 776 3807 ex
801 3760 896 3825 luit(is
910 3778 987 3812 annus
1003 3763 1073 3814 uobis
1090 3774 1151 3814 esset
1171 3767 1244 3828 330).
1258 3765 1345 3832 lpsum

233 3822 338 3895 AEgypto
351 3829 389 3879 sel
401 3828 483 3880 Africa
492 3829 593 3880 Romam
600 3830 774 3892 advehebatur,
801 3851 858 3885 vero
876 3852 1004 3887 numerum
1018 3842 1065 3890 350
1085 3839 1132 3888 hoc
1149 3837 1221 3888 modo
1241 3840 1346 3892 deduci·

233 3917 284 3951 non
305 3918 363 3952 sane
382 3918 411 3953 er
432 3903 509 3954 Gallis
528 3904 554 3954 in
576 3903 707 3970 AEgyptum
725 3924 730 3956 :
751 3917 776 3957 et
802 3924 863 3959 mus.
879 3910 973 3961 Primos
986 3913 1039 3962 sine
1052 3914 1346 3967 coutroversiauumen-

232 3985 293 4048 tunc
306 3975 389 4025 Gallim
402 3994 459 4044 pars
477 3979 575 4045 Alpina,
595 3980 662 4046 παρὰ
684 3981 775 4032 ttasa-
801 3999 855 4033 mus
876 4001 952 4035 annos
972 3995 1102 4050 trecentos,
1122 3989 1165 4053 qui
1182 3988 1231 4038 tria
1253 3991 1346 4042 soecnla

234 4066 277 4101 τον
296 4051 389 4114 ”Alme
404 4051 488 4101 infelix
503 4069 531 4102 sc
545 4068 621 4119 prope
636 4053 723 4104 sterilis
736 4072 775 4106 rc·
801 4058 914 4122 utriusris
927 4077 979 4109 serre
991 4062 1130 4112 conficiunt.
1151 4062 1234 4114 Anum
1252 4064 1347 4116 deinde

231 4123 271 4190 gio
284 4123 430 4190 habebatur,
445 4134 560 4191 tanquam
572 4127 648 4193 glacie
660 4128 773 4194 obducta,
800 4143 926 4198 sequentes
946 4136 1019 4186 tertio
1040 4136 1128 4187 seculo
1142 4137 1298 4204 imputamus,
1314 4141 1342 4191 lv

158 4274 159 4277 Ἴ
233 4200 395 4268 κρυμολίοισι
421 4202 578 4265 παχυνομίνη
606 4204 773 4269 κρυστάλλοις.
799 4207 826 4255 dl
840 4209 915 4273 τρίτῳ
930 4212 1021 4278 κλήρῳ,
1044 4228 1183 4278 quanquam
1202 4214 1294 4264 rectius
1309 4217 1343 4267 ,d

233 4272 265 4330 At
276 4283 360 4326 cottus
375 4291 407 4325 ex
423 4274 525 4340 Alpibus
543 4275 569 4324 in
581 4275 712 4344 AEgyptum
728 4279 775 4329 im-
800 4291 911 4346 qrurtam
919 4287 1052 4337 centuriam
1061 4286 1220 4353 peninentes:
1233 4287 1269 4338 nil
1282 4305 1343 4340 vem

231 4348 375 4410 portebatur
400 4349 563 4416 unguentarise
592 4351 628 4402 rei
645 4368 716 4404 causa
737 4354 773 4402 vis
799 4364 849 4406 tam
861 4366 896 4407 est
909 4358 1013 4426 antiquis
1024 4361 1150 4420 familiare,
1164 4363 1189 4412 in
1200 4361 1341 4429 hujusmodi

230 4435 316 4488 magns
331 4423 405 4479 Ntrdi
425 4439 468 4476 seu
488 4422 565 4492 spes
588 4426 720 4495 improprie
738 4427 772 4480 its
800 4432 1024 4498 supputationibus,
1044 4453 1116 4501 quam
1138 4436 1286 4499 terminum,
1311 4450 1342 4490 at
