3186 5310
230 445 289 506 ΞΗ
556 446 816 507 ΣΙΒΥΛΛΙΑΚΩΝ
838 445 966 505 ΛΟΓΟΣ
987 443 1024 502 Η.

339 591 401 657 Καὶ
419 591 521 672 πάσης
540 592 628 686 γαίης
642 584 761 687 ἀνδρῶν
780 592 919 686 μόχθουςμ
931 581 1113 662 θαπανήσει.

336 681 410 777 Ᾰξει
429 691 457 764 θ’
476 685 668 794 [αἰχμητὰς]
692 704 827 786 βασιλεῖς
848 699 938 767 ἐθνῶν
959 695 1010 764 ἐπὶ
1025 685 1161 786 θυσμάς,

341 805 403 872 Καὶ
418 808 545 899 θεσμοὺς
562 807 644 885 θήσει
661 814 762 892 λαοῖς,
782 803 937 875 καὶπάνθ’
955 796 1115 880 ὑποτάξει.

339 898 407 1003 Οψθ
427 918 508 982 Θεοῦ
523 921 613 1008 μῦλοι
627 915 750 983 ἀλέουσι
764 915 802 982 τὸ
819 915 935 981 λεπτὸν
954 909 1094 1004 ἄλευρον.

261 1019 300 1087 15
337 1022 402 1112 Πῦρ
418 1022 493 1089 τότε
507 1022 601 1090 πάντ’
616 1024 726 1106 ὀλέσει,
742 1021 795 1088 καὶ
807 1021 923 1089 λεπτὸν
936 1028 1026 1113 χνοῦν
1047 1007 1207 1084 ἀποδώσει

337 1114 502 1221 Ῠψικόμών
519 1132 611 1221 ὀρέων
628 1123 759 1224 κορυφὰς
776 1129 828 1197 καὶ
844 1129 955 1222 σαρκὸς
973 1124 1107 1202 ἁπάσης·

390 1223 478 1328 Ᾱρχή
498 1241 575 1305 πᾶσι
593 1247 696 1304 κακῶν
716 1236 963 1329 φιλοχρημοσώνη
985 1230 1037 1300 καὶ
1055 1228 1153 1299 ἄνοια,

336 1343 462 1435 Χρυσοῦ
476 1341 534 1438 γὰρ
550 1336 667 1412 θολίοιο
683 1342 734 1411 καὶ
753 1343 895 1439 ἀργυρίου
913 1343 1006 1418 πόθος
1027 1339 1127 1407 ἔσται.

337 1441 436 1518 Οὐθὲν
452 1450 509 1544 γὰρ
530 1453 649 1519 τούτων
670 1450 773 1525 θνητοὶ
793 1443 893 1544 μεῖζον
912 1452 1102 1540 προέκριναν,

261 1582 301 1623 20
339 1560 386 1626 Οὐ
401 1557 478 1648 ράος
494 1545 608 1643 ήελίου,
624 1563 679 1627 οὐκ
694 1560 829 1653 οὐρανὸν,
842 1549 915 1626 οῦθθ
934 1556 1105 1638 θάλασσαν,
1154 1597 1165 1623 0

337 1667 383 1733 Οὐ
398 1671 488 1758 γαῖαν
503 1667 722 1751 πλατάνωτον,
743 1664 808 1733 ὅθεν
828 1668 954 1758 ρώουσιν
972 1664 1109 1746 ἅπαντα,

337 1773 383 1838 Οὐ
399 1772 453 1838 τὸν
473 1770 578 1840 πάντα
597 1764 731 1840 θιθόντα
748 1773 837 1859 Θεὸν,
855 1778 1024 1868 γεννήτορα
1044 1766 1180 1852 πάντων,

337 1882 383 1947 Οὐ
398 1879 503 1945 πίστιν
524 1881 642 1947 τούτων
663 1880 715 1948 καὶ
734 1874 870 1954 εὐσεθίην
889 1881 1080 1972 προέκριναν.

340 1986 429 2080 Πηγή
448 1978 611 2066 θυσσεώίης
629 1985 681 2055 καὶ
695 1981 824 2066 ἀταξίης
838 1978 1025 2082 προοθηγὸς,

263 2076 303 2162 αθ
341 2093 487 2186 Μηχανίη
508 2097 663 2187 πολέμων,
678 2094 793 2187 εἰρήνης
810 2094 903 2188 ἐχθρά
921 2099 949 2162 τ’
963 2091 1062 2181 ἀνοια,

336 2188 547 2294 Εχθραίνουσα
565 2206 682 2281 τέκνοις
699 2205 807 2296 γονέας
825 2203 878 2269 καὶ
896 2202 989 2268 τέκνα
1004 2211 1151 2295 γονεῦσιν.

338 2301 443 2377 Κούθὲ
458 2310 557 2403 γάμος
578 2309 644 2399 ἅμα
662 2322 765 2402 χρυσῷ
784 2312 862 2387 ὅλως
878 2309 956 2377 ποτὲ
974 2308 1078 2399 τίμιος
1093 2307 1190 2374 ἔσται.

340 2416 420 2482 Γαῖά
434 2416 461 2482 θ’
480 2420 567 2508 ὅρους
581 2411 652 2498 ἔξει,
670 2416 721 2483 καὶ
738 2418 885 2510 φρουροὺς
904 2421 991 2483 πάσα
1007 2415 1158 2497 θάλασσα,

339 2526 423 2590 Πσῖσι
443 2516 619 2616 μεριζομένη
641 2514 753 2602 θολίως
772 2533 839 2602 τοῖς
854 2524 967 2616 χρυσὸν
982 2525 1117 2616 ἔχουσιν,

259 2634 301 2699 3ο
339 2616 384 2706 Ως
403 2629 491 2696 αἰώσι
506 2630 650 2708 θελοντας
668 2632 746 2722 ἔχειν
763 2631 1000 2723 πολυθρέμμονα
1018 2637 1121 2725 γαῖαν.

335 2735 530 2829 Πορθήσουσι
549 2739 696 2826 πένητας,
713 2739 751 2803 ἵν’
771 2737 871 2821 αὐτοὶ,
888 2735 1013 2806 πλείονα
1029 2747 1129 2831 χῶρον

336 2843 619 2935 Προσπορίσαντες,
634 2837 778 2939 ἀλαζονίη
794 2837 1072 2913 καταθουλώσωσι.

337 2948 394 3017 Κεί
410 2954 451 3042 μὴ
466 2960 541 3046 γαῖα
555 2953 693 3046 πέλωρος
707 2953 762 3022 ἀπ’
779 2956 906 3046 οὐρανοῦ
921 2953 1119 3046 ἀστερόεντος

337 3057 399 3125 Τὸν
414 3059 518 3153 θρόνον
538 3056 599 3154 εἶχε
619 3058 749 3154 μακρὰν,
775 3065 829 3129 οῦκ
847 3059 882 3135 ἦν
904 3059 969 3128 ἴσον
988 3052 1118 3154 ἀνδράσι
1136 3063 1272 3155 φέγγος,

259 3165 300 3231 35
343 3153 421 3234 Ᾰλλ’
441 3161 661 3263 ἀγοραζόμενον
680 3178 784 3262 χρυσῷ
799 3175 982 3237 πλουτοῦσιν
1003 3173 1133 3262 ὑπῆρχε,

293 3326 296 3331 .
338 3270 401 3340 Καὶ
419 3285 555 3368 πτωχοῖς
571 3276 653 3343 αἰῶν’
669 3280 771 3369 ἕτερον
792 3276 869 3354 Θεὸς
887 3267 1064 3365 ήτοίμαζεν14

389 3363 464 3458 HE&
478 3381 527 3449 σοί
541 3385 614 3450 ποτ’
633 3381 745 3451 ἀνωθεν
763 3382 827 3470 ἴση,
846 3382 995 3476 ῦψαώχενε
1011 3368 1121 3474 Ρώμη,

339 3487 487 3580 Οὐράνιος
502 3494 621 3583 πληγὴ,
643 3490 694 3557 καὶ
716 3487 847 3583 κάμψεις
866 3493 979 3583 αὐχένα
998 3493 1116 3583 πρώτη,

338 3584 612 3690 Κάξεθαρισθήσιρ,
627 3598 679 3666 καὶ
700 3607 760 3692 πῦρ
776 3625 809 3666 σε
827 3600 899 3672 ὃλην
917 3591 1087 3674 θαπανήσει

260 3709 303 3783 ήο
338 3704 527 3794 Κεκλιμένην
546 3694 706 3796 ἐθάρεσσιν
725 3710 796 3793 ἑοῖς,
814 3705 866 3773 καὶ
884 3711 1017 3784 πλοῦτος
1035 3710 1166 3788 ὀλεῖται,

340 3810 403 3876 Καὶ
424 3808 464 3876 σὰ
479 3809 610 3902 θέμεθλα
622 3812 711 3878 λώκοι
727 3813 780 3880 καὶ
798 3813 955 3891 ἀλώπεκες
976 3812 1148 3894 οἰκήσουσι,

230 4037 263 4049 ·-
276 4011 315 4070 Π,
330 4025 384 4076 sqq.
398 4011 505 4063 Avaritia
524 4020 669 4063 cunctorum
690 4013 808 4064 scelerum
828 4022 913 4064 mater.
927 4042 957 4051 -
972 4017 1014 4074 31,
1033 4029 1086 4079 sqq.
1114 4012 1190 4063 Roma
1209 4011 1366 4080 [praecipue,

233 4105 261 4147 ut
274 4094 379 4162 videtur,
394 4096 427 4147 ob
440 4096 571 4148 avaritiam
580 4097 728 4165 etrapinus]
744 4114 806 4149 οεονσ
817 4098 915 4150 taudem
929 4098 1049 4166 supplicio
1065 4097 1218 4149 multabitur.
1227 4126 1258 4135 -

269 4267 308 4316 12.
329 4264 407 4317 Godd.
418 4267 611 4331 ἀκμήτους,ε1ὶὶ
620 4268 733 4333 ἀκμῆτας
742 4267 780 4318 vel
850 4271 887 4321 13.
905 4269 954 4319 Alii
968 4268 1105 4336 pauciores,
1119 4282 1164 4318 nec
1178 4265 1213 4316 ila
1222 4264 1295 4326 bene,
1304 4267 1367 4318 δεσ-

233 4342 347 4408 ἀκμητάς
361 4357 368 4392 ε
385 4357 430 4392 nos
448 4358 513 4394 corr,
527 4343 602 4395 Addit
611 4353 693 4395 autem
708 4353 780 4412 poeta
815 4345 885 4411 ρούς.
899 4345 986 4395 Versus
997 4345 1063 4395 idem
1075 4344 1163 4410 legitur
1177 4341 1207 4403 V,
1223 4343 1264 4403 19,
1275 4357 1367 4395 recur-

235 4417 275 4468 ῖπὶ
287 4417 392 4481 δυσμάς,
407 4418 438 4468 de
451 4421 501 4469 εοῑι
513 4420 604 4489 quippe
617 4421 714 4488 regibus
727 4437 781 4488 cup·
814 4431 900 4490 retque
909 4422 953 4473 ub.
962 4421 1028 4481 Xlll,
1044 4421 1123 4471 initio.

234 4490 291 4542 tivis
304 4491 335 4541 ad
344 4491 505 4556 occidentem,
514 4494 593 4563 idest,
604 4495 707 4550 Romam
713 4506 778 4550 mc·
848 4502 889 4551 14.
906 4498 993 4549 Melius
1012 4499 1099 4564 μύλοι,
1111 4495 1132 4546 εἰ
1147 4510 1190 4562 per
1209 4503 1318 4545 metrum
1333 4496 1368 4546 li·

232 4566 265 4618 11⁸
276 4565 393 4633 ⁰⁸85!OE
813 4584 885 4626 οετετ.
898 4573 975 4626 codd.
988 4583 1017 4625 ut
1029 4589 1074 4626 uos
1088 4574 1172 4639 μῦλσι,
1187 4578 1212 4621 ει
1222 4569 1325 4636 quidun
1338 4575 1366 4638 γ’
