3186 5310
230 397 291 446 mr
657 383 910 462 rmaooucrro

233 514 425 602 conjecturis
433 515 547 582 melius
565 516 653 582 ducti
669 540 763 606 quam
777 516 875 582 literae
894 516 1019 606 scriptae
1036 514 1201 605 religione,
1216 514 1354 604 propius

232 621 414 707 adrerum,
443 623 557 702 idest,
579 622 620 689 ad
641 623 786 715 primarii
803 623 984 691 collectoris
1009 640 1163 701 mentem,
1181 621 1349 687 accedere.

233 727 295 794 llic
318 728 427 818 igitur,
455 730 539 795 utin
553 754 588 795 re
602 754 804 822 quacumque
826 731 976 822 litigiosa,
1001 730 1123 817 ,iudicio
1142 753 1223 819 opus
1238 745 1288 795 est
1308 727 1352 794 ad

234 825 528 927 eligendumquod
555 839 729 929 optimum,
760 839 815 927 qui
840 839 973 904 editoris
995 837 1103 903 honor
1120 853 1168 901 est
1191 835 1223 900 in
1240 835 1296 900 tali
1314 858 1352 900 re

233 966 324 1034 paene
346 944 471 1009 unicus.
498 949 563 1032 Ego
575 944 698 1035 utique,
716 945 841 1034 quoties
857 942 895 1009 lis
917 960 1062 1032 ageretur
1087 943 1172 1009 inter
1191 942 1271 1008 duas
1283 942 1352 1008 lec·

235 1050 340 1116 tiones
353 1073 443 1141 oeque
455 1051 652 1142 probabiles,
666 1051 822 1142 profiteor
832 1043 889 1118 'me
902 1051 1053 1117 libentius
1064 1072 1190 1144 semper
1207 1049 1248 1116 ad
1262 1048 1351 1115 illam

205 1243 209 1251 '
235 1157 404 1243 accessisse
421 1181 491 1248 quae
507 1157 609 1223 tertiae
627 1159 737 1247 classis
747 1158 932 1224 testimonio
949 1157 1142 1240 firmaretur.

281 1268 430 1330 Ceterum
452 1264 505 1354 qui
523 1265 563 1342 de
578 1267 642 1332 hoc
658 1283 729 1342 toto
750 1267 896 1332 codicum
917 1265 1146 1356 Sibyllinorum
1163 1279 1354 1354 argumento

183 1444 184 1447 Ἴ
237 1371 328 1462 plura
343 1371 514 1461 quaesierit,
534 1371 628 1436 adeat
647 1371 796 1455 editionis
821 1389 939 1447 nostrae
961 1370 1077 1461 prioris
1101 1370 1354 1436 admonitionem

235 1493 268 1544 et
288 1500 379 1544 curas
404 1478 600 1570 posteriores
620 1482 761 1566 ejusdem
787 1481 935 1546 secundae
958 1480 1041 1568 parti
1068 1479 1238 1544 subnexas.
1258 1478 1355 1544 Nunc

235 1602 362 1680 tempus
377 1602 425 1653 est
438 1585 479 1652 ad
497 1585 596 1652 libros
613 1587 729 1669 editos,
740 1612 782 1656 ,ex
799 1587 837 1654 iis
853 1587 1019 1653 codicibus
1036 1603 1140 1674 ortos,
1159 1585 1322 1652 accedere.

469 1811 588 1877 XVII.
611 1812 657 1875 Dc
672 1810 897 1896 Sibyllinorum
916 1811 1119 1877 editionibus.

281 2017 423 2085 Primam
433 2042 488 2083 seu
498 2016 679 2109 Principem
691 2015 864 2082 editionem
873 2016 908 2082 in
920 2017 1088 2109 publicum
1097 2016 1203 2083 emisit
1211 2014 1353 2100 Basileoe,

155 2201 157 2205 ¹
244 2125 339 2210 1545,
359 2126 427 2192 in·8
441 2123 536 2211 min,
554 2141 656 2191 totam
671 2146 808 2216 graecam
825 2148 897 2190 cum
914 2123 1021 2190 latinis
1034 2124 1067 2188 in
1089 2124 1150 2188 fine
1174 2122 1357 2188 annotatio-

239 2233 334 2300 nibus
342 2235 627 2326 pauculis,Xystus
636 2232 796 2299 Betuleius
804 2234 900 2320 (Sext.
910 2231 1052 2317 Birlren),
1063 2230 1357 2319 quiAugustaeVin·

241 2340 419 2417 delicorum
428 2344 530 2407 bonas
542 2343 650 2407 literas
664 2341 814 2419 docebat,
830 2356 1003 2430 sumptam,
1018 2356 1159 2429 utsupra
1171 2339 1305 2422 dictum,
1316 2363 1357 2406 ex

239 2447 350 2514 codice
371 2467 447 2514 tunc
467 2451 668 2536 Augustano,
689 2447 931 2537 diligentissime
950 2472 968 2513 a
985 2471 1019 2513 se
1041 2448 1243 2536 transcripto.
1268 2448 1356 2531 Quas

240 2552 365 2642 addidit
380 2553 613 2633 annotationes,
629 2557 743 2620 breves
759 2572 833 2619 sunt
849 2571 882 2619 et
901 2555 988 2643 parvi
1004 2554 1173 2639 momenti,
1194 2553 1356 2644 pleraeque

241 2677 349 2728 tamen
368 2678 463 2728 rectae
478 2678 511 2726 et
524 2661 608 2725 viam
623 2662 664 2728 ad
679 2660 831 2741 ulteriora
844 2660 1031 2751 pandentes.

283 2770 441 2854 Secunda,
453 2770 558 2834 'latina
577 2786 716 2850 motum,
733 2767 767 2834 id
788 2786 848 2854 est,
865 2767 983 2859 prioris
1005 2771 1186 2835 versionem
1202 2769 1357 2834 duntaxat

239 2877 393 2944 exhibens
413 2878 480 2942 sine
505 2900 608 2966 graeco
628 2893 717 2941 textu
740 2875 872 2942 latinam
893 2877 1071 2954 metricam,
1091 2876 1254 2942 incudem
1276 2877 1359 2941 urbe

239 2984 367 3076 prolata
391 3001 440 3050 est
461 3008 545 3050 anno
573 2982 680 3053 statim
708 2984 893 3072 insequente
915 2984 1017 3067 1546,
1034 2983 1105 3049 in·8
1128 2985 1222 3065 min.,
1237 3007 1263 3054 ‚a
1289 2983 1359 3049 viro

238 3090 366 3159 erudito
388 3108 420 3156 et
440 3090 606 3180 ingenioso
623 3090 802 3156 Castalione
817 3093 954 3177 (Sebost.
973 3089 1177 3180 codicillos),
1198 3092 1360 3158 bonarum

239 3200 356 3266 artium
366 3200 503 3266 Genevae
517 3200 670 3291 primum,
687 3176 763 3264 disin
775 3197 905 3264 Basileae
918 3196 1101 3288 professore
1115 3224 1124 3262 ι
1138 3199 1228 3285 cujus
1242 3197 1359 3279 versio,

237 3331 425 3400 quanquam
449 3331 538 3374 ame
558 3331 625 3372 non
650 3307 748 3372 semel
768 3321 939 3372 retractata
958 3323 990 3370 et
1010 3304 1119 3377 forsan
1135 3303 1207 3377 aliis
1221 3320 1295 3394 post
1309 3327 1362 3369 me

241 3414 466 3496 retractanda,
495 3414 743 3480 fundamentum
760 3431 869 3489 tamen
895 3430 945 3478 est
973 3411 1097 3503 eritque
1128 3411 1271 3477 omnium
1291 3434 1362 3502 quoe

240 3541 357 3591 secutae
371 3539 445 3588 sunt
460 3521 511 3587 vel
528 3539 712 3610 sequentur.
768 3574 783 3585 .,

286 3629 407 3715 Tertia,
425 3653 498 3720 quae
516 3630 611 3696 simul
629 3628 767 3695 secunda
784 3652 887 3718 graeca
908 3628 1065 3717 simulque
1087 3627 1225 3694 secunda
1248 3628 1360 3711 latina,

241 3737 318 3804 item
337 3740 379 3803 ab
395 3738 511 3804 eodem
526 3736 708 3805 Castalione
731 3752 901 3826 procurata
921 3752 970 3801 est
995 3734 1137 3816 basileae,
1170 3735 1264 3813 1555,
1291 3734 1362 3800 in·8

243 3844 323 3912 min.
337 3873 346 3911 ι
362 3847 395 3911 in
412 3870 475 3935 qna
495 3845 609 3911 doctus
631 3843 738 3910 editor
753 3843 932 3916 versionem
960 3867 1051 3910 suam
1072 3843 1205 3909 latinam
1228 3842 1361 3934 passim,

244 3953 303 4020 etsi
321 3975 410 4037 raro,
433 3953 633 4032 retractavit,
662 3970 785 4018 tentum
813 3975 890 4017 vero
916 3975 1055 4040 graecum
1071 3951 1261 4018 'emendavit
1280 3974 1364 4040 saepe

243 4059 391 4144 feliciter,
409 4075 475 4127 tarn
492 4061 556 4126 suis
570 4058 763 4149 conjecturis
784 4083 880 4150 quam
902 4059 1091 4125 lectionibus
1117 4082 1135 4123 e
1161 4056 1274 4124 codice
1294 4081 1364 4123 me·

244 4167 423 4258 nuscripto,
448 4191 535 4235 nuuc
550 4166 796 4233 Vindobonensi
817 4165 884 4251 (A),
902 4189 1009 4232 secum
1026 4166 1068 4230 ab
1084 4163 1187 4230 amico
1202 4187 1260 4230 suo
1274 4165 1366 4229 Anti·

246 4273 360 4339 macho
379 4271 537 4361 benigne,
560 4273 607 4338 uti
631 4271 754 4338 dictum
776 4287 837 4350 est,
860 4271 1116 4338 communicatis.
1141 4271 1364 4338 Praefationem

250 4403 378 4471 quoque
388 4402 524 4469 graecam
533 4403 574 4447 ex
585 4379 700 4446 eodem
712 4377 931 4468 manuscripto
944 4378 1077 4468 primus,
1087 4395 1124 4444 ut
1136 4378 1215 4444 alias
1229 4377 1364 4460 dictum,

248 4487 364 4573 edidit,
376 4512 471 4577 quam
480 4491 522 4555 ab
536 4488 729 4562 Antimacho
742 4487 872 4555 missam
889 4486 961 4569 sibi,
975 4503 1012 4553 ut
1021 4503 1088 4553 erat
1102 4487 1135 4553 in
1146 4486 1270 4564 codice,
1287 4508 1366 4552 ano·

470 4884 670 4976 A
