3186 5310
458 432 735 498 SlBYLLINORUbl
755 437 826 498 tta.
850 434 887 495 V.
1177 437 1233 497 tta

207 567 376 633 Poenarum
390 585 552 656 agnoscet,
568 569 682 635 meruit
696 594 775 659 quas
788 570 947 659 improba,
963 567 1099 656 signum.

252 676 324 757 Qua
339 674 435 739 semel
450 674 482 739 in
497 675 618 742 cineres
633 701 735 756 versa,
755 676 828 743 dein
843 675 911 767 ipsa
924 673 1041 765 peribit

119 781 182 847 315
206 781 327 846 Lesbos
342 782 372 844 in
388 780 564 846 Eridanum
578 799 693 847 aeterna
708 784 853 848 demersa
866 781 971 848 ruina.

250 888 333 967 Heu,
349 890 501 975 Corcyra,
518 887 590 969 tibi,
604 888 837 976 pulcherrima!
855 888 963 952 desine
978 888 1087 952 fastus.

206 995 332 1082 Tuque,
349 993 524 1083 Hierapoli,
540 1011 624 1059 terra
638 1019 717 1060 auro
732 1012 911 1085 compacta,
927 991 1051 1058 tenebis

206 1101 313 1181 Quam
327 1099 422 1163 nimis
437 1099 552 1189 optasti
567 1102 689 1181 sedem,
708 1101 901 1182 miseranda,
918 1117 1038 1188 tuoque

206 1205 378 1270 Defodiere
395 1207 477 1286 solo,
496 1231 595 1296 prope
612 1206 742 1274 flumina
757 1204 1021 1272 Thermodontis.

119 1310 182 1374 320
251 1312 319 1376 Nec
335 1311 453 1391 minuS,
468 1338 488 1376 0
503 1312 654 1401 Tripolis,
670 1314 823 1378 Maeandri
839 1314 879 1378 ad
896 1311 1035 1376 fluminis
1048 1310 1162 1387 undas,

207 1418 330 1483 Obruta
345 1434 506 1506 petrosam
524 1421 689 1484 nocturnis
703 1419 853 1484 fluetibus
867 1443 970 1498 oram,

208 1523 376 1605 Funditus,
393 1525 546 1590 irascente
561 1529 641 1607 Deo,
662 1526 853 1591 mersabcris
868 1549 991 1615 exspes.

252 1629 300 1692 Ne
315 1654 366 1694 me
381 1654 522 1718 unquam
536 1648 640 1696 teneat
654 1633 777 1698 Phoebo
792 1631 990 1697 contermina
1004 1630 1114 1696 tellus!

209 1736 287 1799 Uret
301 1736 386 1800 enim
401 1737 530 1801 mollem
546 1739 688 1804 lliletum
703 1765 742 1804 er
758 1739 874 1804 aethere
889 1740 1003 1816 turbo,

122 1844 184 1908 325
209 1845 431 1934 Nequiequam
448 1846 559 1911 Phoebi
575 1845 697 1911 fallacia
710 1848 794 1912 dicta
809 1864 962 1926 secutam,

209 1950 470 2040 Prudentumque
484 1969 568 2018 artes
582 1953 762 2034 bominum,
779 1975 935 2040 curasque
951 1975 1092 2042 sagaces.

253 2059 364 2139 Parce,
381 2083 401 2121 o
417 2058 632 2145 omnipotens,
648 2059 755 2124 telluri
770 2082 862 2147 parce
876 2058 993 2141 feraci,

207 2163 322 2226 Judaeoe
335 2186 469 2251 magnae,
484 2164 579 2229 nobis
593 2182 628 2228 ut
642 2181 750 2229 saneta
765 2181 928 2253 patescant

207 2267 336 2332 Consilii
350 2268 475 2333 decreta
492 2268 550 2333 tui.
568 2271 695 2359 Quippe
712 2272 795 2334 hanc
809 2270 867 2334 tibi
882 2269 1016 2359 primam

120 2374 185 2439 330
208 2373 324 2462 Legisti
338 2374 460 2455 sedem,
476 2376 628 2440 mortales
641 2392 677 2441 ut
691 2393 744 2440 tua
759 2394 893 2442 noscant

209 2483 332 2569 Regna,
347 2480 510 2569 sciantque
524 2482 586 2545 tuis
600 2505 697 2571 quam
711 2483 774 2547 sint
789 2482 934 2547 florentia
949 2483 1054 2548 donis.

258 2587 370 2652 lnfelix
385 2611 463 2651 aveo
476 2588 638 2652 Thracum
653 2605 796 2677 spectare
813 2589 951 2669 labores,

214 2696 253 2758 Et
267 2716 393 2757 murum
409 2694 566 2759 bimarem
579 2719 652 2759 cum
669 2695 797 2760 turbine
813 2693 1035 2784 pulverulento

211 2800 355 2865 Piscosas
369 2824 426 2887 per
440 2824 536 2888 aquas
550 2802 732 2890 abreptum,
748 2799 887 2865 llunrinis
900 2801 1012 2866 instar.

116 2906 180 2971 335
249 2907 295 2969 Tc
311 2930 389 2994 puer
406 2907 551 2996 Assyrius
565 2907 737 2988 devinciet,
754 2908 982 2996 Hellesponte:

205 3014 251 3077 Te
267 3011 414 3101 viresque
429 3030 498 3078 tuas
513 3013 626 3103 perdet
638 3036 745 3103 pugna
760 3037 870 3102 aspera
883 3013 1056 3078 Thracum.

204 3121 338 3207 Rexque
353 3119 562 3183 lllaccdonios
576 3119 745 3209 AEgyptius
758 3119 917 3207 opprimet
931 3118 1021 3197 olim,

204 3223 342 3312 Vimque
356 3225 473 3288 ducum
488 3225 582 3313 longe
599 3225 770 3289 adveniens
785 3225 831 3289 vis
846 3225 982 3288 barbara
996 3224 1133 3312 franget.

205 3329 372 3419 Pamphyli
390 3348 421 3395 et
435 3331 562 3411 Pisidae,
579 3330 657 3419 Lydi
673 3330 858 3418 Galataeque
870 3331 1010 3394 cruentis

116 3436 181 3513 340
204 3435 351 3502 Dissidiis
363 3453 447 3501 totas
462 3437 589 3500 mittent
603 3437 636 3500 in
653 3437 760 3525 praelia
775 3453 896 3525 gentes.

251 3543 341 3607 ltalia
356 3542 476 3623 infelix,
496 3566 594 3607 vacua
607 3560 701 3631 atque
715 3542 823 3607 inflata
838 3542 999 3622 manebis,

204 3650 303 3714 Terra
317 3648 373 3712 diu
389 3647 518 3726 florens,
539 3674 624 3713 nunc
639 3648 719 3713 tristi
737 3650 857 3737 perdita
873 3648 951 3714 fato.

389 3786 412 3824 ἱ

114 3850 212 3903 delendi
240 3861 322 3919 potest
351 3854 519 3916 πληρωθεῖσα,
543 3863 660 3920 tanquam
725 3855 780 3903 329.
802 3853 878 3903 Codd.
898 3852 1037 3916 ἕγνωιοοο
1049 3869 1114 3904 corr.
1133 3853 1165 3903 ob
1181 3855 1237 3903 τιον

115 3949 128 3973 ο
137 3928 267 3989 destinata,
283 3936 348 3977 sorte
364 3928 484 3978 attrilmta
493 3951 517 3979 ν.
690 3929 757 3993 quod
765 3928 883 3992 sequitur.
1209 3928 1213 3937 '

148 4004 206 4053 322.
226 4002 303 4053 Codd.
323 4005 389 4053 θεοῖο
409 4005 472 4062 ποθή
494 4020 521 4053 τε
540 4004 661 4069 πρόνοια,
726 4006 783 4054 335.
804 4003 886 4055 simile
906 4003 1064 4063 Onomacriti,
1080 4013 1195 4069 tanquam
1208 4021 1238 4054 ex

115 4077 233 4128 undenos
247 4077 307 4127 olim
321 4077 387 4129 θεοῦ
398 4080 471 4144 χόλος
481 4080 498 4140 ἥ
509 4095 536 4129 τε
549 4080 662 4140 πρόνοια.
693 4079 789 4140 Museo,
800 4079 925 4128 oraculum
939 4079 1005 4144 aliud
1014 4080 1115 4130 Herodt.
1126 4079 1240 4144 vltsc:

115 4151 186 4214 ouon
199 4155 417 4220 nuncsoppletur,
437 4155 523 4203 melius
536 4170 606 4217 sane,
621 4157 663 4204 sed
696 4157 786 4218 ’Ἔλεγε
808 4155 850 4203 τόν
868 4171 895 4204 τε
918 4156 1098 4214 Ἑλλήσποντον
1127 4158 1160 4211 ὡς
1189 4161 1240 4211 ζον-

115 4229 196 4295 ipen
215 4244 314 4294 qnoque
329 4229 458 4279 incertum.
479 4231 561 4286 λάλος
580 4229 610 4279 de
627 4229 663 4279 ira
694 4232 781 4296 χθῆναι
795 4232 867 4296 χρεὸν
880 4228 917 4289 εἴη
933 4230 981 4280 aad
991 4231 1078 4296 ἀνδρὸς
1091 4232 1204 4295 Πέρσεω.

116 4302 160 4353 Del
172 4304 238 4370 apud
254 4303 389 4370 Sibyllistas
404 4304 518 4369 frequens
530 4314 578 4363 est,
591 4314 666 4371 atque
730 4309 787 4356 340.
805 4307 842 4354 An
851 4306 984 4370 κρανίουσι
993 4307 1029 4354 rel
1040 4303 1190 4371 apolicam?

116 4377 191 4428 edam
204 4378 328 4442 absolute,
345 4381 434 4429 omisso
449 4380 492 4430 llei
510 4380 622 4439 nomine,
638 4389 666 4431 nt
731 4383 788 4430 ata.
807 4381 889 4430 Codex
903 4396 967 4430 rinus
979 4390 1004 4431 et
1019 4381 1090 4440 alter,
1102 4391 1127 4430 et
1139 4397 1184 4430 nos
1198 4381 1243 4430 ali-

117 4451 192 4516 inlra,
207 4456 265 4505 ata.
697 4456 901 4520 quenadmodum,
911 4479 922 4500 ν
934 4466 1070 4506 monstrum
1081 4471 1108 4506 »t
1119 4457 1245 4512 seddduroe

154 4530 214 4578 sat.
232 4528 334 4580 Volebat
342 4529 425 4580 Strur.
440 4531 559 4605 τραφιρῇ.
698 4540 734 4582 ert
747 4548 792 4598 pro
806 4532 922 4598 δάπεδον,
941 4542 1059 4599 utsupra,
1079 4533 1110 4582 92
1128 4532 1198 4595 (bis)
1219 4531 1245 4581 in
