3186 5310
319 392 358 450 94
645 393 907 456 ΣΙΒΥΛΛΙΑΚΩΝ
928 395 1054 456 ΛΟΓΟΣ
1074 395 1108 455 Γ.

425 538 514 604 Τοῖσι
533 529 568 605 δὲ
586 543 684 635 μέτρα
699 533 718 607 δ
722 539 805 609 ίκαιοι
822 544 907 610 πίλει
923 548 993 610 κατ’
1012 544 1121 638 οἱγρούς
1137 567 1170 608 τε
1186 542 1291 621 πόλεις
1307 568 1355 627 τε,

428 635 512 712 Οὐδέ
526 654 595 714 κατ’
611 649 752 724 αλληλων
770 651 994 728 νυκτοκλοπίας
1013 653 1180 732 τελέουσιν,

427 743 505 820 Οὐδ’
526 754 636 849 οἱγελας
650 753 771 825 ελοίουσι
791 760 883 844 βοῶν,
903 754 971 826 ὀίων
989 784 1023 825 τε
1044 756 1095 825 καὶ
1115 756 1222 852 αἰγῶν,

324 865 388 941 σέο
428 850 514 927 Οὐδὲ
532 864 619 953 ὅρους
637 862 725 957 γαίης
740 865 849 960 γείτων
875 876 931 933 τοῦ
954 865 1090 960 γείτονος
1110 862 1200 958 αἴρει,

428 959 512 1034 Οὐδὲ
535 972 751 1051 πολύπλουτός
770 999 817 1051 τις
835 973 909 1064 οίνιὸρ
930 974 984 1040 τὸν
1004 972 1158 1040 ε’λσίττονα
1174 978 1275 1058 λυπεῖ,

431 1066 515 1142 Οὐδί
532 1102 567 1171 γε
585 1080 682 1171 χέρας
703 1076 810 1161 θλίόει,
832 1085 948 1170 μᾶλλον
963 1072 993 1146 δ’
1009 1076 1083 1147 αὖτε
1104 1079 1216 1165 βοηθεῖ,

427 1180 493 1248 Αἰεὶ
506 1186 670 1275 ἐπαρκείων
689 1188 780 1274 σίτῳ,
796 1184 866 1274 οἴνῳ
888 1186 939 1254 καὶ
958 1187 1075 1274 ε’λαίῳ·

427 1286 494 1355 Αἶεὶ
517 1282 546 1357 δ’
566 1287 667 1370 όλόιος
682 1297 711 1360 έν
728 1284 818 1385 δήμῳ
838 1303 904 1372 τοῖς
923 1286 1020 1387 μηδὲν
1040 1295 1174 1388 ἔχουσιν,

324 1393 386 1476 245
429 1383 521 1464 Ᾰλλὸι
538 1403 792 1493 πενιχρομένοισι,
812 1402 914 1493 θέρους
932 1401 1104 1496 ἀπόμοιραν
1125 1401 1241 1470 ίαλλει·

428 1503 622 1597 Πληρούντες
639 1507 782 1598 μεγούοιο
798 1508 879 1576 Θεοῦ
891 1508 997 1596 ῳοίτιν,
1012 1511 1135 1603 ἔννομον
1155 1514 1265 1602 ὕμνον·

428 1609 512 1678 Ποῖσι
525 1610 582 1707 γὰρ
602 1609 739 1704 οὐροίνιος
755 1620 856 1690 κοινὸν
872 1618 1056 1684 ἐτελέσσατο
1075 1624 1177 1710 γαῖαν.

486 1704 627 1787 Ηνίκαδ
649 1719 807 1816 Αἴγυπτον
822 1719 931 1812 λείψει,
948 1726 999 1793 καὶ
1015 1726 1146 1816 τερπνὸν
1162 1715 1280 1792 ὁδεύσει

431 1827 515 1903 Λαὸς
530 1833 546 1894 ὸ
567 1819 783 1921 δωδεκοίρυλος
798 1834 827 1896 ίν
841 1831 970 1923 ἡγεμόσι
989 1833 1205 1922 θεοπέμπτοις,

328 1931 390 1997 250
433 1917 476 1997 Εν
497 1936 600 2024 στόλῳ
614 1937 757 2028 πυρόεντι
773 1939 810 2005 τὸ
826 1940 996 2032 νυκτερινὸν
1017 1930 1177 2025 διοδεύων,

434 2023 531 2136 [Κάν]
546 2044 645 2130 στυλῳ
662 2046 788 2136 νεφέλης
809 2049 868 2113 πᾶν
886 2047 945 2123 ἠὼς
964 2044 1046 2140 ἦμαρ
1062 2038 1192 2132 όδεύσει,

432 2148 541 2234 Τούτῳ
561 2140 589 2215 δ’
603 2156 745 2245 ήγοτῆρα
763 2158 949 2230 καταστήσει
970 2156 1064 2246 μέγαν
1085 2145 1185 2245 ἄνδρα

431 2252 561 2342 Μωσῆν,
578 2253 611 2326 ὸν
630 2259 703 2350 παρ’
718 2262 803 2336 ἕλους
826 2261 978 2346 βασίλισσ’
997 2261 1113 2352 εὐροῦσ’
1135 2253 1265 2349 ἐκόμιζε,

436 2358 620 2453 Θρεψαμένη
639 2354 668 2429 δ’
688 2365 751 2432 υἱὸν
773 2367 971 2436 ἐκαλέσσατο.
991 2354 1089 2435 Ηνίκα
1108 2358 1137 2432 δ’
1151 2363 1223 2438 ἦλθε

330 2465 392 2533 255
437 2470 521 2536 Λαὸν
538 2461 584 2537 ὅδ’
596 2476 764 2566 ἡγεμονῶν,
779 2470 812 2539 ὸν
827 2474 882 2571 ᾇτ’
904 2474 1063 2568 Αἰγύπτου
1083 2475 1158 2550 Θεὸς
1173 2469 1257 2567 ἦγεν,

431 2573 485 2654 Εἰς
504 2576 540 2643 τὸ
559 2576 625 2669 όρος
645 2581 729 2661 Σινοῖ,
746 2579 798 2646 καὶ
819 2581 873 2647 τὸν
887 2581 978 2672 νόμον
996 2581 1153 2674 οὐρανόθεν
1168 2582 1227 2672 πρὸ

435 2686 522 2750 Δῶκε
536 2685 624 2771 Θεὸς,
643 2682 765 2778 γράψας
779 2680 874 2765 πλαξὶ
892 2679 963 2754 δυσὶ
981 2687 1085 2756 ποίντα
1106 2680 1224 2772 δίκαια,

434 2789 500 2857 Καὶ
516 2784 686 2884 προσέταξε
705 2800 821 2861 ποιεῖν·
840 2792 891 2860 καὶ
906 2791 941 2867 ἢν
959 2789 1020 2888 ἄρα
1036 2822 1083 2875 τις
1101 2797 1297 2887 παρακούσῃ,

435 2881 479 2963 Ηί
494 2899 579 2991 νόμῳ
594 2898 686 2965 τίσειε
709 2890 809 2986 δίκην,
825 2898 844 2975 ἢ
858 2898 945 2994 χερσὶ
961 2902 1126 2994 βροτείοις,

330 3005 393 3068 260
436 2988 492 3089 Hi,
510 3007 611 3073 λαθὸιν
627 3004 768 3092 θνητοὺς,
788 3006 871 3101 ποίσγ
896 2998 966 3100 δίκῃ
986 3003 1192 3087 ε’ξοιπολεῖται.

434 3113 518 3186 Πᾶσι
535 3109 593 3207 γὸιρ
614 3110 750 3204 οὐροίνιος
768 3118 869 3190 κοινὸν
891 3116 1074 3183 ἐτελίσσατο
1094 3123 1196 3211 γαῖαν,

292 3255 295 3309 γ
436 3219 500 3286 Καὶ
513 3224 589 3288 πᾶσι
602 3219 653 3287 καὶ
669 3217 793 3313 οίριστον
816 3221 858 3288 ἐνὶ
874 3221 1017 3297 στήθεσσι
1035 3223 1150 3313 νόημα.

293 3312 295 3319 ’
438 3328 526 3393 Τοῖσι
541 3327 643 3419 μόνοις
658 3329 773 3420 καρπὸν
788 3329 903 3395 τελέθει
922 3319 1061 3423 ζείδωρος
1081 3326 1196 3423 ἄρουρα

346 3485 348 3488 ,
443 3419 489 3510 Ἐξ
504 3435 569 3511 ένὸς
589 3434 628 3511 είς
647 3435 770 3520 ἑκατὸν,
790 3435 950 3503 τελέθοντύ
969 3462 1003 3504 τε
1024 3438 1122 3531 μέτρα
1143 3440 1246 3504 Θεοῖο·.

332 3542 394 3610 265
494 3529 569 3607 Ᾱλλ’
584 3536 644 3630 ἄρα
659 3541 711 3606 καὶ
731 3544 851 3621 τούτοις
870 3542 964 3610 κακὸν
980 3545 1113 3632 ἔσσεται,
1128 3537 1185 3612 οὐδ
1188 3545 1203 3611 ὸ
1220 3543 1369 3637 ρύγονται

437 3648 564 3736 Λοιμόν.
586 3646 649 3713 Καὶ
664 3648 700 3713 σύ
716 3638 751 3713 δέ
765 3650 936 3717 καλλείπων
955 3654 1141 3742 περικαλλέα
1162 3652 1253 3725 σηκὸν

436 3747 548 3848 Φεύὶγ,
564 3757 626 3822 ἐπεί
642 3779 689 3820 σοι
707 3761 800 3848 μοῖρα
813 3762 911 3824 λιπεῖν
928 3747 1023 3824 πέδον
1044 3758 1135 3851 ἁγνὸν
1154 3758 1296 3850 ὑπάρχει.

438 3853 567 3954 Ᾰχθήσρ
587 3852 623 3928 δέ
637 3863 712 3952 πρὸς
731 3850 913 3955 Ᾰσσυρίους,
930 3863 983 3929 καὶ
998 3866 1092 3939 νεόττια
1112 3866 1206 3933 τέκνα

438 3948 518 4057 Θψει
536 3960 720 4035 δουλεύοντα
738 3975 810 4060 παρ’
828 3962 958 4062 ἄνδροίσι
976 3961 1202 4063 δυσμενέεσσιν,

326 4102 396 4169 ὐγο
439 4060 499 4141 Ηδ
514 4076 662 4168 αλύχους·
681 4078 733 4143 καὶ
748 4080 809 4154 πᾶς
831 4077 935 4161 βίοτος
955 4074 1006 4143 καὶ
1026 4084 1161 4160 πλοῦτος
1180 4084 1313 4147 ὀλεῖται.

330 4258 361 4267 -
370 4230 429 4288 m,
439 4242 493 4293 sqq.
500 4226 585 4276 Exitus
598 4244 628 4277 ex
638 4225 743 4294 AEgypto
753 4225 798 4275 sub
805 4225 876 4276 Mose.
885 4228 979 4285 -256,
993 4242 1045 4293 sqq.
1055 4227 1105 4278 Lex
1117 4227 1144 4278 in
1155 4227 1212 4279 Sina
1222 4229 1323 4279 datm-
1331 4229 1390 4288 2⁶0,
1398 4243 1455 4295 sqq.

329 4313 583 4368 ludmmmfelicius
603 4313 628 4364 in
642 4323 707 4364 ιεπε
727 4320 818 4362 sancta.
832 4338 863 4349 —
880 4315 939 4372 265,
951 4327 1003 4378 sqq.
1024 4312 1133 4363 Servitus
1153 4313 1240 4364 deinde
1258 4313 1285 4363 in
1301 4311 1407 4380 Assyria.
1423 4338 1456 4351 -

362 4438 421 4488 245.
439 4435 475 4487 De
488 4451 573 4493 sensu,
589 4433 634 4484 cfr.
650 4433 683 4492 11,
701 4434 741 4483 w.
755 4430 874 4482 Recurret
938 4435 999 4484 2⁴7.
1018 4432 1137 4483 Recurret
1150 4432 1190 4483 hic
1201 4449 1283 4483 versus
1301 4431 1375 4491 infra,
1394 4434 1456 4491 261,

328 4521 411 4563 tutem
424 4512 559 4579 ἀπόμοιρα,
568 4508 635 4569 xm,
647 4512 688 4560 45.
905 4518 929 4559 et
942 4509 1040 4574 quidem
1065 4508 1157 4575 pariter
1173 4511 1203 4560 de
1220 4510 1272 4560 solo
1289 4509 1377 4560 Judaeae
1388 4525 1457 4576 agro.
