3186 5310
670 407 925 490 turnooucrto
1010 469 1011 473 a

403 628 444 693 Χ
441 629 477 692 V
477 629 495 694 l
495 677 502 694 .
524 629 569 692 De
589 627 753 712 Sibyllinis
768 626 926 691 codicibus
941 634 1173 715 manuscriptis.

277 777 572 867 Manuscriptorum
586 777 689 867 prima
705 779 803 843 classe
818 777 1023 843 continentur
1038 804 1046 843 ε
1147 816 1150 823 -

285 891 312 948 t⁰
327 884 434 949 Codex
445 885 657 968 Betuleianus,
675 909 693 950 a
708 908 774 973 quo·
785 883 877 950 iluxit
888 883 986 948 editio
1001 883 1232 974 princepsanni
1246 911 1256 950 t
1271 885 1353 969 545,

234 1007 310 1084 tam¹
326 990 496 1080 diligenter
522 991 654 1058 Betuleii
681 1016 778 1083 opera
802 992 937 1057 collatus
961 991 1109 1082 typisque
1137 1015 1272 1059 excusus
1300 1010 1351 1078 ut,

178 1109 182 1118 '
235 1097 323 1188 quod
337 1098 406 1187 ipse
421 1099 462 1164 de
486 1122 519 1164 se
534 1115 668 1164 testatur
686 1116 717 1164 et
738 1122 798 1188 ego
825 1115 972 1188 expertus
986 1098 1141 1189 comperi,
1167 1098 1265 1164 editio
1289 1123 1355 1190 pro

234 1204 347 1270 codice
371 1205 483 1270 haberi
508 1205 620 1296 possit.
647 1207 677 1271 Is
710 1205 765 1271 din
790 1223 965 1271 asservatus
991 1209 1141 1293 Augustae
1166 1203 1358 1271 Vindelico·
1442 1220 1445 1225 ’

234 1331 325 1396 rum,
354 1312 495 1377 Monacii
524 1336 609 1377 nnnc
641 1313 754 1378 visitur
784 1315 815 1376 in
845 1311 1042 1378 bibliotheca
1066 1310 1153 1400 regia
1184 1313 1356 1380 Bavarensi

233 1417 332 1508 (apud
346 1442 405 1483 nos
418 1419 518 1485 literis
535 1421 590 1485 Pr.
611 1420 819 1510 designatus)·,

280 1533 314 1591 a⁰
330 1526 440 1593 Codex
474 1527 655 1593 Antimachi
685 1528 751 1593 sive
775 1526 1052 1612 Vindobonensis,
1082 1528 1198 1617 saepius
1224 1527 1356 1594 nomine

233 1632 323 1698 citari
333 1634 446 1699 solitus
458 1635 639 1701 Antimachi
649 1635 843 1725 possessoris
854 1633 932 1700 olim
945 1634 1005 1718 sui,
1021 1634 1135 1700 medici
1146 1634 1356 1701 Ferrariensis

233 1739 363 1826 eruditi,
381 1741 434 1830 qui
448 1742 615 1832 decerptas
628 1766 668 1806 ex
683 1743 754 1831 ipso
768 1741 921 1806 lectiones
938 1765 1005 1806 non
1019 1765 1149 1831 paucas,
1170 1741 1263 1806 simul
1277 1766 1353 1808 cum

234 1851 403 1938 Anonyma
415 1848 605 1913 Praefatione
619 1871 721 1932 graeca
736 1849 822 1937 prius
837 1847 958 1936 ignota,
975 1849 1078 1914 amico
1088 1836 1149 1914 ¹suo
1163 1848 1353 1934 Castalioni,

233 1954 374 2019 secundo
384 1934 614 2046 Sibyllinorum
625 1955 753 2036 editori,
764 1955 949 2021 transmisit.
964 1957 994 2021 Is
1007 1979 1093 2020 nunc
1106 1956 1138 2020 in
1151 1955 1349 2021 bibliotheca

232 2062 375 2127 Caesarea
387 2061 632 2129 vindobonensi
648 2079 792 2127 servatur
807 2062 916 2151 (uobis
932 2064 984 2150 A);

279 2167 313 2233 δ’
325 2168 433 2234 Codex
447 2169 649 2249 Bodleianus‚
664 2194 721 2235 scu
734 2169 941 2235 bibliothecae
949 2169 1128 2235 Bodleianae
1142 2170 1348 2256 Oxoniensis,

136 2341 137 2344 ,
233 2296 251 2339 a
267 2298 320 2340 me
334 2277 497 2365 quondam
513 2275 546 2341 in
560 2277 674 2366 Anglia
688 2277 915 2367 peregrinante
932 2276 1065 2343 collatus
1080 2277 1144 2364 (Β);

277 2387 310 2462 4⁰
324 2382 432 2447 Codex
449 2382 656 2448 bibliothecae
677 2384 896 2468 Scorialensis,
926 2384 1002 2449 olim
1026 2382 1091 2447 mei
1109 2406 1203 2448 causa
1221 2382 1355 2448 collatus

233 2488 389 2554 beneficio
413 2489 506 2554 amici
530 2488 803 2578 desideratissimi,
825 2490 951 2556 comitis
975 2491 1123 2568 Bresson‚
1138 2489 1252 2557 Gallici
1272 2504 1351 2556 tunc

233 2594 266 2660 in
281 2594 434 2686 Hispania
448 2595 543 2685 legati
558 2595 571 2685 (
595 2598 620 2684 )

277 2702 423 2768 &cunda
440 2704 541 2769 classe
558 2702 785 2768 continentur:

283 2816 312 2874 1⁰
329 2809 438 2875 Codex
453 2809 656 2875 Florentinus
671 2809 704 2873 in
722 2826 828 2875 meam
849 2810 925 2874 olim
945 2811 1080 2900 gratiam
1095 2810 1228 2877 collatus
1244 2834 1262 2876 a
1276 2810 1346 2877 viro

232 2915 351 2981 eximio
368 2915 408 2981 de
424 2916 530 3000 Furia,
552 2915 684 2981 custode
700 2933 775 2981 tunc
788 2916 1006 2982 Laurentianoe
1019 2916 1238 2998 bibliothece,
1265 2918 1343 2997 viro,

229 3022 389 3113 quidquid
410 3021 658 3088 contradictum
679 3021 732 3110 sit,
754 3023 885 3088 cruditis
909 3022 1157 3105 officiosissimo,
1186 3022 1348 3114 ipsiusque
1371 3081 1375 3094 .

232 3151 328 3194 manu
343 3146 429 3195 totus
444 3129 510 3194 fere
521 3128 584 3194 mei
600 3151 694 3194 causa
709 3131 930 3220 transcriptus,
946 3129 1058 3220 dignus
1071 3131 1134 3195 hoc
1148 3130 1285 3211 honore,
1302 3154 1355 3196 cc·

167 3261 170 3266 ·
231 3237 307 3302 teris
333 3237 417 3302 enim
438 3238 582 3324 ejusdcm
603 3236 710 3303 classis
727 3262 767 3303 eo
786 3237 958 3329 pretiosior
979 3238 1068 3326 quod
1084 3255 1193 3328 aperte
1216 3238 1254 3304 iis
1268 3263 1350 3329 prte-

229 3345 311 3411 lnxit
329 3346 391 3433 (F);
1360 3344 1362 3349 ’

274 3460 308 3516 2⁰
323 3452 432 3516 Codex
442 3452 561 3542 Regius
572 3451 767 3538 parisiensis,
780 3451 943 3541 eleganter
960 3467 992 3516 et
1003 3451 1172 3541 diligenter
1184 3467 1345 3530 exaratus,

228 3559 286 3626 scd
300 3558 363 3624 line
377 3582 499 3645 cerens,
518 3557 664 3624 desinens
680 3560 800 3649 quippe
817 3559 850 3622 in
872 3581 1001 3623 versum
1026 3557 1099 3622 libri
1127 3559 1170 3645 V,
1191 3558 1264 3642 105,
1282 3557 1347 3623 hoc

229 3683 337 3733 umen
353 3666 518 3741 solamine,
535 3666 635 3755 quod,
653 3681 689 3730 ut
702 3666 798 3729 ceteri
818 3664 964 3754 plerique
984 3664 1077 3748 hujus
1092 3664 1213 3749 classis,
1229 3689 1247 3728 a
1265 3664 1348 3729 libro

230 3772 340 3864 incipit
353 3789 478 3850 octavo,
490 3772 594 3836 trihus
603 3795 680 3862 ergo
694 3788 820 3836 tantum
833 3771 1055 3837 deficientibus
1067 3772 1109 3853 V,
1123 3773 1168 3836 VI
1181 3787 1214 3836 et
1228 3773 1301 3836 Vll.
1320 3772 1351 3836 Is

229 3883 271 3947 ab
287 3882 449 3971 Opscpoeo
463 3867 604 3969 primum
618 3879 651 3943 in
662 3902 757 3944 usum
770 3878 918 3944 editionis
934 3901 1009 3965 suae,
1026 3902 1108 3943 ome
1123 3878 1238 3944 deinde
1254 3878 1354 3943 colla·

230 4005 281 4054 tus
291 4005 351 4065 est,
363 3986 556 4076 tertiumque
566 4010 585 4051 a
596 3987 663 4051 viro
675 3986 773 4052 docto
785 3985 969 4052 Fn'edliebii
980 3985 1112 4052 editoris
1123 3985 1270 4070 adjutore
1281 3983 1352 4076 (R)3

276 4097 308 4162 3ο
324 4095 434 4161 Codex
447 4094 639 4159 Leontarius
650 4117 707 4159 seu
719 4095 838 4182 Regius
856 4118 886 4171 2,
903 4094 1012 4184 priore
1024 4079 1161 4184 plenior,
1177 4092 1233 4157 sed
1246 4090 1354 4157 minus

229 4205 391 4293 eleganter
417 4201 627 4292 descriptusa
646 4202 823 4277 leonium,
847 4201 979 4266 librario
1003 4216 1109 4265 cetera
1136 4222 1202 4263 non
1223 4198 1350 4288 ignoto,

228 4335 359 4377 manum
376 4310 445 4400 ipso
466 4331 557 4373 suam
573 4307 717 4398 signante
742 4325 775 4372 et
797 4331 914 4372 annum
937 4305 1213 4396 transcriptionis,
1245 4303 1350 4391 1475:

229 4424 254 4486 is
269 4441 399 4509 quoque
413 4416 487 4483 cod.
505 4441 523 4480 a
542 4439 592 4480 mc
610 4433 642 4479 et
657 4415 699 4478 ab
717 4414 821 4480 amico
837 4414 1021 4480 Friedliebii
1045 4413 1178 4478 collatus
1195 4427 1243 4477 est
1256 4411 1320 4501 (L).
1345 4426 1347 4433 ⁴

272 4525 379 4592 Tertia
394 4524 494 4590 classe
513 4523 718 4589 continentur
734 4548 753 4591 ε,
947 4506 953 4515 ’
