3186 5310
228 429 287 488 318
548 432 812 493 ΣΙΒΥΛΛΙΑΚΩΝ
835 429 962 489 ΛΟΓΟΣ
985 427 1031 486 ld.

262 574 300 640 15
337 573 375 640 Εἰ
390 578 432 667 μή
449 569 498 667 ἀρ’
513 578 648 650 ὠκύτητι
664 569 772 645 ποδῶν
790 578 938 654 σκύλακες
956 566 1010 640 διὰ
1026 576 1143 658 βήσσας

337 680 392 759 Εἰς
408 682 468 770 ἔριν
483 683 649 756 ἀντήσουσι
664 676 846 774 διωκέμεναι
861 690 1036 777 μεμαῶτες,

339 789 400 854 Τὸν
418 779 453 854 δὲ
472 790 573 856 λέοντ’
588 783 693 868 ἐδίωξε
713 795 792 858 κύων
812 793 961 858 ὀλέκοντα
974 797 1102 878 νομῆας.

392 895 457 960 Καὶ
470 897 540 962 τότε
559 896 658 964 ἔσσετ’
678 892 755 976 ἀναξ
773 889 1037 991 τετρασυλλαόος,
1058 890 1129 958 ἀλκὶ
1147 890 1316 969 πεποιθὼς,

339 989 388 1068 Ex
409 995 541 1093 μονάδος
563 1003 744 1094 προφανείς·
763 1005 844 1096 ταχὺ
860 997 890 1070 δ’
908 1002 1002 1069 αὐτὸν
1020 999 1152 1091 χάλκεος
1171 978 1258 1088 Ᾰρης

264 1129 306 1173 20
339 1092 485 1185 Ὲὶολόσει
499 1099 552 1176 διὰ
570 1099 657 1202 δῆριν
671 1110 913 1202 ἀπληστοκόρων
935 1106 1114 1195 ἀνθρώπων.

391 1196 525 1306 Ᾰρξουσι
542 1218 698 1308 μετέπειτ’
717 1213 806 1283 άλλοι
829 1210 885 1283 δύο
905 1223 1004 1306 φῶτες
1021 1209 1167 1292 ἀνακτες,

340 1304 442 1412 Ᾰμφω
460 1321 680 1414 τεσσαράκοντ’
696 1322 761 1415 ἀριθ
790 1332 852 1389 ῶν·
874 1321 991 1414 μεγαλη
1009 1311 1038 1385 δ’
1056 1316 1106 1384 ἐπὶ
1125 1316 1248 1391 τούτοις

340 1411 475 1494 Ιίσσεται
493 1427 592 1522 εἰρήνη
613 1429 742 1521 κόσμοιό
760 1349 826 1523 ἴτε]
846 1425 942 1494 παντί
959 1451 991 1492 τε
1010 1418 1113 1515 δήμῳ,

339 1531 403 1600 Καὶ
417 1535 514 1626 θέμις,
528 1527 585 1610 ἡδὲ
605 1526 690 1608 δίκη.
711 1537 788 1612 Τοὺς
809 1528 840 1600 δ’
855 1531 892 1600 αὖ
910 1531 1099 1625 κορυθαίολοι
1116 1519 1238 1620 ἀνδρες,

264 1641 303 1706 25
342 1641 466 1729 Χρυσοῢ
486 1632 642 1732 δευόμενοι
660 1641 711 1707 καὶ
731 1642 875 1735 ἀργύρου,
894 1645 1001 1708 οὕνεκα
1021 1638 1151 1712 τούτους
1231 1650 1234 1655 ’

339 1742 513 1824 Δυσσεύέως
532 1746 700 1814 κτείνουσιν
720 1751 761 1815 ἐνὶ
779 1748 941 1841 παλάμῃσι
958 1741 1116 1821 λαόύντες.

392 1855 456 1922 Καὶ
470 1854 542 1920 τότε
558 1846 588 1918 δ’
608 1840 705 1948 [αὖτ’]
723 1848 804 1945 άρξει
821 1844 917 1931 δεινὸς
934 1855 999 1929 νέος
1018 1850 1256 1944 ἀγχιμαχητθς,
1360 1890 1365 1896 ·

340 1961 486 2051 Κοίρανος
506 1952 713 2052 ἑόδομοίκοντ’
730 1959 878 2051 ἀριθμῶν,
897 1958 1084 2050 θυμοφθόρος
1101 1952 1205 2036 αἴθων,

340 2043 384 2144 ὸς
397 2068 473 2133 λαὸν
488 2053 601 2158 Ῥώμης
620 2062 739 2145 άσεώῶς
758 2076 887 2159 στρατιῇ
907 2056 1087 2156 παραδώσει

263 2176 304 2239 30
341 2175 545 2264 Κτεινόμενον
564 2173 720 2246 κακότητι
734 2165 787 2240 διὰ
807 2183 895 2264 μῆνιν,
916 2175 1084 2254 βασιλήων,

340 2273 494 2372 Πρηνίξας
513 2279 614 2345 πᾶσάν
631 2303 666 2345 τε
687 2280 775 2346 πολιν
792 2284 914 2344 κλεινῶν
934 2301 968 2342 τε
988 2275 1137 2342 Λατίνων.

339 2371 434 2477 Ῥώμη
450 2376 480 2450 δ’
496 2389 598 2452 οὐκέτι
617 2386 695 2452 ἐστὶν
715 2371 822 2480 [ἰδεῖν]
842 2376 908 2451 οὐδ’
928 2384 1009 2449 ἔστιν
1031 2384 1171 2463 ἀκοῦσαι,

341 2493 418 2558 Οἴαν
434 2518 489 2584 περ
510 2496 614 2582 πρώην
636 2485 713 2559 εἶδεν
733 2492 821 2560 τοίαν
839 2480 1031 2584 παροδίτης·

341 2599 453 2666 Πάντα
470 2596 529 2691 γὰρ
546 2604 576 2666 ἐν
597 2590 711 2693 σποδιῇ
732 2590 808 2665 τάδε
828 2600 974 2678 κείσεται,
994 2588 1067 2662 οἰιδέ
1086 2619 1132 2670 τις
1151 2595 1250 2689 ἔργων

264 2704 303 2771 35
343 2687 441 2771 ἰθσται
455 2696 591 2795 φειδωλή
602 2730 610 2747 ·
631 2707 717 2784 ὀλοὸς
735 2703 794 2798 γὰρ
814 2706 968 2771 ἐλεύσεται
987 2704 1076 2776 αὐτὸς

343 2812 528 2904 Οὐρανόθεν,
543 2821 721 2900 πρηστῆρας
740 2811 794 2877 ἀπ’
813 2810 930 2902 αἰθέρος
941 2802 997 2884 ήδὲ
1011 2810 1175 2898 κεραυνοὺς

342 2908 520 3008 Ᾱνθρώποις
538 2913 652 3009 πέμψει
671 2918 749 2994 Θεὸς
769 2911 946 3009 ἀμύροτος·
963 2914 1015 2994 οθς
1033 2915 1086 3006 μὲν
1103 2914 1222 2980 ολέσσει

341 3028 492 3098 Σκήπτων
511 3023 698 3115 αἰθομένους,
720 3020 771 3101 οὒς
794 3015 823 3089 δ’
842 3020 879 3089 αὖ
898 3031 1048 3113 κρυεροῖσι
1065 3025 1232 3112 κεραυνοῖς.

342 3133 405 3199 Καὶ
423 3132 493 3197 τότε
512 3121 551 3202 δή
568 3134 739 3197 κτενέουσιν
759 3121 888 3196 ἀναιδέα
903 3129 1040 3220 κοίρανον
1057 3127 1138 3193 αἰνὸν
1190 3148 1193 3153 ·

263 3247 305 3319 do
342 3238 502 3328 Νηπίαχοι
522 3221 633 3330 ῥώμης
651 3241 799 3330 κρατεροῖς
816 3221 929 3329 ῥώμης
949 3261 983 3302 τε
1002 3238 1140 3303 Λατῖνοι.

340 3347 387 3410 Ού
406 3369 455 3409 τοι
475 3341 624 3415 τεθνηῶτι
642 3345 724 3420 κόνις
741 3344 918 3434 περικείσετ’
936 3343 1063 3432 ἰλαφρῆ,

337 3440 427 3516 Ᾰλλά
444 3449 513 3515 κυσὶ
537 3450 697 3541 μέλπηθρα
716 3449 768 3517 καὶ
788 3450 903 3526 οἰωνοῖς
923 3474 954 3514 τε
970 3454 1074 3524 λύκοις
1095 3470 1128 3512 τε

339 3538 486 3632 Ιίσσεται,
509 3559 619 3622 οὕνεκα
639 3548 738 3647 δῆμον
758 3557 863 3651 ἀρήιον
882 3546 1055 3647 ἐξενάριζεν.

232 3777 262 3785 -
276 3753 314 3808 18,
330 3764 383 3813 sqq.
395 3748 515 3798 Aureolus
525 3748 655 3815 imperium
669 3748 804 3799 Romanum
813 3751 946 3816 adepturus
957 3749 1008 3814 [sic
1022 3749 1110 3798 Nostro
1120 3747 1208 3807 visum,
1219 3749 1263 3798 sed
1272 3749 1338 3799 salso
1346 3752 1367 3816 ]‚

229 3835 300 3899 cujus
315 3834 385 3883 litera
399 3832 428 3889 Α.
439 3848 554 3882 uumerus
566 3835 588 3883 l.
601 3860 635 3871 —
649 3834 690 3895 21,
707 3849 760 3898 sqq.
775 3832 908 3899 [Sequitur
919 3834 990 3899 longa
1000 3834 1074 3882 series
1086 3831 1212 3897 (al-284)
1224 3831 1368 3898 imperato·

231 3933 296 3980 rum,
317 3927 345 3966 ut
362 3916 475 3975 diximus,
489 3926 580 3967 temere
599 3916 758 3967 confictorum
774 3917 819 3967 sub
838 3917 915 3967 literis
929 3917 1031 3967 fortuito
1045 3916 1133 3976 obviis,
1149 3932 1210 3983 quos
1229 3915 1287 3967 ideo
1311 3919 1369 3968 sin·

265 4084 304 4130 15.
324 4080 362 4129 An
374 4080 460 4130 melius
480 4083 518 4130 διὰ
538 4082 652 4146 βήσοηςὲ
672 4079 719 4130 Sed
736 4080 775 4131 si·
842 4085 884 4131 27.
903 4076 978 4131 Codd.
989 4081 1031 4131 καὶ
1039 4081 1096 4131 τότε
1105 4080 1125 4131 δ’
1137 4081 1213 4148 ἄρξει,
1225 4081 1293 4131 unde
1301 4082 1367 4134 Mai.

228 4155 330 4223 bylliuae
339 4157 364 4204 in
374 4156 648 4221 praeposilionibuselin
658 4156 704 4205 hac
713 4174 776 4223 pru·
809 4158 851 4207 καὶ
870 4157 926 4206 τότε
945 4156 966 4205 δ’
986 4158 1113 4222 ἐξάρξει,ε
1129 4158 1205 4222 uonj.‚
1218 4173 1265 4206 nec
1279 4159 1366 4217 ιιιείες

228 4232 311 4280 sertim
325 4231 391 4281 haud
405 4248 460 4281 raro
474 4242 585 4296 peccant.
806 4234 856 4298 jam
873 4234 938 4281 ειιίιιι
953 4233 1102 4297 ἐξάρξειφτο
1116 4231 1181 4297 ἄρξει
1194 4231 1220 4280 ἱιι
1238 4232 1277 4281 his
1291 4232 1369 4284 libris

265 4309 303 4356 17.
322 4306 399 4356 Godd.
413 4309 524 4370 νωμήσας
539 4325 545 4356 ι
560 4307 606 4357 cfr.
619 4306 690 4365 Vlll,
708 4310 763 4356 158.
810 4306 909 4373 legimus
919 4325 925 4357 :
935 4309 976 4356 sed
986 4307 1031 4356 cfr.
1045 4307 1119 4368 infru,
1133 4311 1173 4356 52.

262 4384 303 4430 2³.
323 4381 387 4447 Ροες
403 4382 509 4445 κόσμοιο
530 4382 618 4448 copula
639 4381 723 4431 deerat
748 4383 774 4430 iu
843 4386 884 4432 31.
903 4383 978 4431 Codd.
993 4384 1075 4441 κλίνην
1090 4399 1117 4432 τε
1133 4384 1187 4432 λατ.
1198 4381 1255 4434 :sed
1268 4381 1316 4432 cfr.
1333 4384 1366 4436 V.

229 4455 298 4504 codd.
313 4471 318 4504 :
333 4455 426 4506 addidit
435 4456 491 4506 uni.
504 4457 631 4523 syntaxim
644 4465 729 4523 aperte
738 4458 774 4506 vi·
811 4461 834 4517 1,
846 4458 889 4506 ubi
901 4457 993 4523 puriter
1002 4467 1072 4508 vacat
1083 4474 1120 4508 τε.

229 4529 315 4578 εἰοεειιι
328 4530 529 4582 υἰίιίἰιιιοειιιιυτ.
843 4535 883 4582 ³2.
903 4533 978 4583 Codd.
1002 4534 1047 4593 ἔτι,
1073 4533 1115 4583 ubi
1140 4550 1206 4583 nunc
1223 4535 1304 4594 ἰδεῖν,
1329 4536 1368 4586 εἰσ
