3186 5310
520 441 801 505 SlBYLLlNORUM
823 439 895 502 tte.
918 441 954 501 ll.
1257 438 1296 497 73

262 576 384 664 Sponte
397 599 464 640 sua.
485 576 569 640 Tum
582 574 683 640 victus
696 575 756 639 erit
773 571 965 652 communis,
984 594 1124 661 opesque
1143 599 1150 634 :

262 681 344 747 Nam
356 706 460 772 neque
476 706 598 773 pauper
614 681 672 763 ibi,
689 706 793 771 neque
808 681 913 755 dives3
931 702 1026 742 nemo
1040 694 1207 767 tyrannus,

213 842 215 846 Α
263 793 327 855 Aut
344 813 471 867 servus;
490 814 550 854 nec
564 790 624 854 erit
639 789 809 878 quisquam
824 791 966 875 majorve
983 785 1147 869 minorve3

174 896 238 963 325
263 897 338 962 Non
354 921 422 978 rex,
441 921 507 961 non
526 897 641 961 ductor
661 925 668 960 :
691 895 746 961 sed
763 895 824 959 vita
848 894 907 958 erit
927 892 1076 957 omnibus
1097 916 1173 958 una.

221 1084 224 1089 1
261 1003 329 1070 Nec
344 1006 411 1090 jam
427 1003 551 1070 dicetur
570 1028 577 1068 ε
595 1003 691 1068 Venit
708 1027 789 1082 nox,
806 1018 860 1068 aut
884 999 1023 1065 :Veniet
1042 1022 1124 1081 cras,

254 1113 326 1201 jAut
344 1139 352 1176 2
372 1110 625 1179 Transivitheri.
643 1110 711 1177 Nec
728 1126 834 1191 erunt,
854 1131 935 1198 quos
953 1130 1037 1197 aegra
1052 1105 1163 1196 fatiget

261 1219 357 1299 Cura,
377 1218 445 1283 dies
462 1246 468 1282 :
487 1243 552 1282 non
572 1242 640 1296 ver,
656 1233 759 1297 testas,
777 1232 960 1296 autumnus,
982 1212 1133 1291 hiemsve,

262 1325 336 1389 Non
349 1348 479 1390 occasus
496 1325 568 1405 erit,
584 1348 650 1388 non
661 1341 749 1389 ortus
766 1353 773 1389 ε
791 1322 910 1413 quippe
929 1319 1053 1410 parabit

89 1484 92 1490 .
173 1431 238 1497 330
261 1433 367 1496 Unam
382 1431 444 1496 illis
460 1432 654 1521 longamque
666 1431 764 1496 diem.
822 1429 908 1514 Quin
926 1430 990 1493 hoc
1005 1451 1134 1517 quoque
1152 1426 1233 1492 votis

260 1540 451 1604 Sanctorum
467 1541 552 1603 Deus
568 1537 772 1628 omnipotens
787 1536 956 1617 concedet,
970 1552 1006 1600 ut
1024 1534 1101 1600 olim

259 1648 396 1736 Ereptos
410 1647 507 1733 longo
527 1670 544 1709 e
564 1644 684 1736 gemitu
703 1643 894 1732 flammaque
914 1642 1044 1732 perenni

258 1754 412 1818 Mortales
432 1775 558 1818 servare
572 1751 658 1818 velit.
678 1754 769 1835 Quos
788 1752 868 1840 ipse,
886 1749 1027 1815 molestis

260 1860 293 1925 Si
311 1860 364 1950 qui
384 1859 559 1925 restiterint
578 1859 733 1923 taedarum
751 1859 924 1939 morsibus,
944 1857 1029 1921 ultro
1085 1877 1089 1885 ’

172 1966 234 2033 335
261 1968 375 2057 Eliget,
397 1966 610 2056 indomitique
626 1966 792 2031 ardoribus
805 1964 923 2029 eximet
939 1961 1034 2052 ignis,

259 2076 405 2163 Cumque
417 2073 482 2138 suis
496 2073 590 2138 aliam
603 2073 635 2136 in
650 2072 746 2138 vitam
765 2071 922 2150 traducet,
941 2092 1076 2157 eamque

260 2182 465 2268 Perpetuam,
480 2179 569 2244 nullo
583 2179 756 2243 morituros
772 2195 931 2266 tempore,
948 2174 1067 2264 campis

260 2286 386 2351 Scilicet
403 2285 530 2375 Elysiis,
549 2285 605 2351 ubi
620 2285 715 2373 largis
729 2284 877 2349 [luctibus
893 2282 964 2347 illos

263 2393 434 2460 AEtemum
447 2392 576 2482 cingent
592 2391 785 2457 Acherontis
798 2409 908 2480 stagna
922 2386 1088 2479 profundi.

173 2500 237 2580 340
309 2502 410 2587 [Eheu
428 2524 478 2565 me
491 2500 658 2565 miseram!
679 2497 757 2587 quid
770 2522 821 2562 me
836 2498 891 2561 illo
909 2514 1054 2585 tempore
1071 2493 1137 2575 fiet,

263 2610 384 2673 Omnes
403 2632 473 2698 quae
490 2607 594 2697 pravis
609 2605 725 2672 anteiri
741 2605 899 2682 moribus,
916 2627 1040 2681 umens,

261 2718 435 2780 lmmemor
447 2714 558 2797 officii,
572 2714 729 2802 vinclique
746 2712 846 2778 oblita
861 2710 993 2801 jugalis!

264 2822 352 2906 Quin
365 2823 508 2912 locuples
520 2845 665 2911 uxorque
680 2819 739 2885 viri
755 2818 934 2908 locupletis,
948 2838 1067 2907 egenos

261 2929 398 2995 AEdibus
413 2929 546 3010 exclusi,
561 2945 593 2993 et
612 2927 692 3016 fregi
707 2930 780 3013 jura
796 2926 903 2992 omnia
918 2925 1061 3015 prudens

174 3036 240 3116 345
266 3040 370 3125 Atque
391 3036 511 3103 volens.
524 3038 574 3101 Tu
592 3059 643 3099 me
658 3035 835 3099 tortoribus
852 3033 940 3122 eripe
958 3031 1048 3112 diris,

264 3145 293 3208 0
310 3145 395 3207 bone
411 3159 565 3224 servator,
584 3141 728 3231 quamvis
740 3140 870 3205 infanda
886 3141 1051 3205 fatentem.

261 3252 302 3314 Et
318 3273 404 3314 nune
421 3248 462 3315 da
476 3249 621 3338 longum,
635 3271 754 3338 quaeso,
768 3246 969 3335 requiescere
989 3267 1131 3327 carmen,

262 3358 377 3422 Sancte
397 3355 491 3420 dator
510 3379 645 3435 mannae,
663 3379 719 3420 rex
735 3352 842 3441 magni
859 3351 997 3416 maxime
1014 3352 1131 3443 regni]

175 3580 282 3647 pilctcre
294 3580 470 3647 Sibyllinorum
487 3579 656 3645 interpolatus,
675 3594 727 3628 am·
758 3578 840 3644 giem:
855 3578 925 3630 nobis
945 3589 1011 3631 certe
1030 3580 1151 3647 placeret,
1169 3577 1191 3628 si
1203 3593 1305 3644 usqum

174 3655 225 3723 ligi
244 3666 333 3724 potest.
358 3657 406 3707 Nos
428 3655 504 3707 serius
527 3655 638 3706 additum
654 3652 729 3720 magis
759 3656 933 3722 πρᾴοοωοιιω
946 3656 996 3707 iota
1012 3657 1130 3724 scriptum
1144 3653 1303 3706 inveniretur.

174 3740 297 3798 putamus,
319 3732 377 3798 quia
389 3748 471 3788 ,versus
486 3731 567 3782 ultimi
583 3731 614 3780 ad
624 3746 729 3796 sequen·
762 3730 809 3779 Sed
819 3740 843 3781 et
855 3748 883 3796 γε
893 3731 963 3782 finale
972 3733 1121 3800 expletivum
1132 3730 1157 3780 in
1169 3728 1305 3796 Sibyllinis,

175 3805 206 3857 tis
222 3805 279 3857 libri
291 3808 419 3857 exordium
436 3806 631 3874 interpolationis
644 3806 721 3855 mani·
754 3806 888 3874 presertim
901 3807 1087 3866 recentioribus,
1102 3807 1170 3857 haud
1183 3822 1276 3856 rarum.

175 3882 271 3943 festum,
286 3883 456 3933 transitionem
468 3892 564 3949 parant.
791 3883 848 3932 att.
869 3881 945 3932 Codd.
958 3884 1002 3943 ἠδὲ
1015 3883 1035 3932 δ’
1044 3884 1093 3948 ἐγώ
1108 3900 1113 3930 :
1126 3898 1170 3930 ncs
1184 3897 1247 3930 corr.
1258 3879 1308 3932 tte-

210 3960 267 4010 tlt.
287 3958 363 4009 Codd.
379 3959 507 4026 λογισμοῖς
520 3977 526 4006 :
538 3974 602 4008 corr.
613 3957 681 4026 Ops,
700 3970 724 4010 et
758 3957 824 4023 liqna
837 3957 910 4022 hujus
919 3950 1001 4008 veruli
1010 3966 1138 4009 recurrent
1146 3956 1203 4006 libri
1215 3955 1248 4006 111
1258 3956 1307 4006 ini·

176 4032 222 4082 cfr.
239 4049 312 4103 supr·
325 4039 382 4086 315.
757 4034 792 4084 tio
801 4044 826 4082 et
834 4034 920 4083 eodem
929 4033 1044 4092 librolll,
1055 4036 1115 4092 293,
1131 4035 1188 4084 483.

201 4113 270 4170 att,
284 4126 321 4176 sq.
335 4110 371 4160 Ex
384 4111 438 4168 llll,
457 4114 513 4171 151,
528 4126 580 4177 sqq.
792 4112 850 4160 tte.
870 4108 946 4159 Godd.
962 4109 1004 4159 clii
1018 4108 1147 4175 βασιλείας.
1169 4106 1227 4158 Post
1239 4107 1307 4158 hunc

211 4187 268 4235 tte.
287 4185 365 4236 Codd.
380 4188 474 4253 aliquot
483 4187 509 4236 in
520 4186 568 4236 fine
581 4184 727 4255 πρηΐξασαν,
759 4202 855 4235 versum
866 4186 978 4250 sequitur
994 4184 1120 4236 nonnullis
1133 4184 1161 4233 in
1174 4182 1245 4234 codd.
1266 4184 1306 4233 du·

174 4259 228 4309 sine
240 4277 285 4324 γε,
306 4271 335 4312 ut
352 4262 436 4313 ionice
456 4259 548 4328 ῥηΐδιος
570 4279 614 4329 pro
634 4265 725 4330 ῥᾴδιος,
760 4263 870 4328 τίῤῥησις
880 4277 923 4310 seu
931 4260 1044 4311 refutatio
1056 4260 1166 4326 quodam
1181 4259 1305 4309 sententie

176 4336 294 4402 epuletur
305 4353 351 4404 pro
363 4339 484 4405 θρᾴκιος.
498 4347 523 4388 et
534 4338 637 4397 similit,
650 4341 727 4405 magis
758 4336 909 4402 origeniana
922 4353 994 4404 supra
1009 4337 1090 4395 lecte,
1113 4339 1172 4394 331,
1192 4350 1245 4401 sqq.
1270 4333 1306 4385 ue

176 4426 234 4476 ergo
251 4412 305 4463 siue
319 4415 430 4480 exemplo
449 4430 522 4480 quam
540 4425 626 4465 contra
643 4416 727 4466 analo·
758 4429 808 4480 qua
821 4412 877 4463 vide
888 4421 941 4462 not.

616 4609 876 4640 nan-”na—
