3186 5310
496 464 783 530 sturtuttottttst
803 466 874 529 tttt.
898 465 977 530 xlv.
1240 467 1299 528 ast
1409 467 1411 472 ’

183 598 247 663 205
272 598 438 690 Regnandi
454 599 577 677 studi03
605 616 686 682 tum,
702 601 792 687 cujus
804 600 896 666 litera
910 600 1027 691 prima,

272 709 342 771 Rex
359 723 467 772 castus
477 730 577 773 oaesos
592 708 690 773 annis
700 707 885 774 victricibus
896 708 1006 774 hostes

271 813 454 904 Opprimat,
470 830 567 903 atque
586 814 699 881 avibus
712 815 854 906 praedam
865 814 1063 903 canibusque
1074 811 1244 902 relinquet.

270 919 327 983 Vae
340 918 412 1002 tibi,
428 922 531 985 Roma
544 937 672 1010 potens,
686 922 765 987 urbs
782 920 919 986 flammis
935 906 1059 1001 debita,
1079 934 1233 1008 quantum

268 1025 360 1090 Heu!
377 1025 501 1115 patiere
516 1026 605 1110 mali,
622 1050 724 1116 quum
739 1027 806 1093 sato
821 1025 1011 1091 haecomnia
1025 1024 1118 1090 fient!

181 1154 245 1195 aro
268 1131 332 1197 Sed
347 1148 379 1196 te
396 1133 436 1198 de
453 1132 568 1198 mediis
581 1157 639 1199 rex
655 1132 782 1198 inclitus
796 1150 888 1198 eruet
904 1131 1027 1198 umbris
1045 1155 1054 1197 t

266 1240 421 1327 Auroque
440 1256 650 1328 argentoque,
666 1241 766 1305 ebore
781 1239 966 1329 electroque
981 1261 1114 1304 corusca

266 1344 390 1409 Rursus
403 1343 484 1424 eris3
502 1368 612 1411 rursus
629 1362 701 1410 toto
716 1345 931 1411 celebraberis
946 1347 1054 1424 orbe,

265 1448 404 1515 AEdibus
419 1466 453 1515 et
469 1450 609 1540 templis,
626 1451 735 1516 stadiis
750 1461 863 1517 ornata
877 1451 1038 1541 forisque;

268 1558 389 1621 Lumen
403 1556 467 1622 eris
479 1580 590 1623 rursus
604 1558 745 1647 populis,
761 1559 849 1623 velut
862 1575 936 1624 ante
953 1556 1054 1625 fuisti.

180 1659 243 1725 215
258 1660 335 1754 ¹Ab!
353 1661 462 1727 miseri
476 1663 648 1753 Cecropes,
666 1687 723 1728 vos
736 1663 847 1752 Argivi
863 1681 960 1753 atque
974 1665 1130 1746 Lacones,

267 1768 309 1831 Et
324 1767 379 1856 qui
393 1769 491 1835 Penei
509 1769 607 1859 ripas,
629 1769 685 1859 qui
702 1786 813 1859 stagna
828 1769 983 1852 Molossi,

269 1872 418 1940 Tricoam
434 1877 671 1966 Dodonamque
685 1893 717 1941 et
730 1876 848 1942 celsam
861 1875 1013 1941 habitatis
1026 1874 1189 1954 Ithomeu,

273 1981 477 2071 Pieriumque
489 1983 604 2072 jugum
623 1981 730 2071 magni
744 2006 846 2072 prope
863 1982 992 2052 culmen
1012 1981 1159 2071 Olympi,

270 2090 385 2154 Ossam
399 2086 622 2177 Larissamque
636 2105 669 2153 et
685 2087 877 2176 turrigeram
891 2087 1057 2176 Calydona
1071 2090 1079 2152 l

183 2219 248 2260 aro
315 2195 377 2260 Sed
395 2196 484 2260 Deus
502 2194 650 2260 ostendet
663 2193 790 2283 sigum
806 2193 997 2260 mortalibus
1015 2193 1144 2282 ingens,

272 2300 402 2366 Ollusas
416 2299 479 2372 luci
494 2301 657 2382 tenebras,
672 2315 867 2388 noctemque
881 2299 1043 2368 diurnam.

272 2408 315 2470 Et
326 2408 395 2493 jam
408 2404 480 2471 finis
495 2406 599 2488 adest,
613 2429 637 2470 o
651 2429 720 2489 rex,
735 2403 807 2488 tibi,
824 2429 884 2471 nec
900 2429 995 2495 grave
1010 2405 1118 2472 sratris

272 2512 417 2601 Filugies
434 2512 536 2577 telum
552 2510 641 2576 rabie
656 2510 863 2602 irrumpentis
877 2512 992 2581 atroci.

267 2681 269 2687 .
317 2620 402 2684 Huic
415 2618 510 2701 alter,
525 2634 652 2707 gestans
666 2618 789 2683 animos
807 2619 842 2684 in
857 2619 957 2684 corde
971 2620 1113 2704 ferinos,

185 2726 249 2793 225
273 2726 443 2806 Succedet,
459 2741 547 2791 satus
560 2725 694 2816 AEgypti
714 2725 755 2791 tle
768 2727 923 2814 sanguine
938 2727 1035 2816 regis,

272 2834 384 2899 Fratre
399 2833 506 2898 minor
519 2849 609 2915 natu,
625 2832 683 2898 sed
698 2833 810 2898 dextra
824 2833 952 2918 sortior,
970 2851 1003 2900 ct
1021 2859 1117 2925 quem

273 2940 379 3006 Litora
393 2939 481 3005 fatali
493 2955 585 3004 notat
603 2939 798 3026 octogesima
812 2941 916 3030 siguo.

118 3131 120 3135 ‚
273 3050 348 3132 Quo
367 3064 521 3136 regnante
535 3070 648 3136 graves
666 3046 776 3112 aeterni
789 3048 939 3113 Numinis
952 3049 1016 3115 iras

185 3182 186 3186 ¹
271 3152 420 3242 Excipiet
433 3150 569 3241 gremio,
586 3151 744 3216 scelerum
757 3175 818 3240 pro
835 3176 980 3235 munere,
995 3153 1101 3220 tellus.

183 3259 249 3326 230
271 3260 356 3325 Nam
369 3258 465 3324 simul
478 3258 666 3323 incumbent
684 3257 878 3323 mortalibus
894 3258 1037 3348 undique
1051 3260 1143 3326 oaecis

271 3369 380 3433 Pestes
394 3382 490 3454 atque
505 3367 618 3447 fames,
634 3364 755 3429 bellum
768 3365 936 3454 oaetlesque
949 3366 1105 3449 virorum,
1141 3387 1147 3399 ¹

271 3475 314 3538 Et
324 3496 391 3537 nox
404 3487 572 3560 perpetua,
588 3488 621 3535 et
635 3469 741 3552 terris,
760 3494 964 3561 quacumque
979 3490 1158 3562 patescunt,

270 3583 432 3670 Tempora
446 3577 476 3643 vi
491 3577 655 3660 convulsa,
671 3578 796 3667 Deique
811 3578 953 3645 immane
967 3580 1103 3648 furentis

255 3686 431 3769 ‘Arbitrio,
447 3703 555 3751 motus
569 3701 729 3751 terrarum
747 3709 784 3750 ac
798 3686 931 3752 fulmina
945 3688 1027 3770 dira,

177 3891 246 3934 certe
258 3880 333 3947 magis
347 3881 454 3946 placeret
470 3879 633 3945 βαθύσχοινον
647 3878 668 3928 τ’
689 3879 725 3930 Ἀ-
793 3884 851 3933 221.
870 3884 907 3932 bu
915 3883 970 3948 περὶ
983 3881 1099 3946 nocuos?
1112 3880 1163 3933 etr.
1178 3881 1219 3941 lv,
1236 3885 1277 3936 56.

177 3957 289 4024 χιλῷον,
310 3965 349 4018 ut;
360 3954 509 4019 intelligatur
526 3955 657 4014 Achelous,
675 3971 726 4003 nou
792 3960 850 4009 225.
868 3958 919 4009 ctr.
933 3957 980 4016 ΙΙΙ,
996 3961 1054 4008 tta.
1144 3980 1146 3985 ’

176 4033 221 4084 ille
229 4033 256 4082 iu
269 4031 344 4098 Epiro
353 4040 378 4080 et
389 4030 415 4079 in
425 4028 509 4080 Sicilia
520 4028 634 4079 omuibus
642 4038 724 4094 notus,
793 4034 852 4083 226.
870 4032 946 4082 Codd.
961 4032 1056 4082 πολλῶν
1070 4031 1199 4099 ἀριστερὸς
1212 4032 1288 4098 (sic).
1369 4030 1380 4041 '

174 4109 220 4159 ml
231 4108 295 4159 alter
306 4106 332 4157 iu
343 4104 477 4157 Thessalia.
792 4109 851 4158 221.
871 4107 946 4157 Codd.
954 4108 1118 4170 ὀγδοήκοντα,
1126 4105 1186 4165 οῑὸς
1198 4109 1304 4176 ὓλαχιν.

211 4187 271 4235 211.
287 4181 340 4232 ctr.
355 4178 425 4231 lliad.
440 4183 464 4245 β,
482 4182 541 4230 122.
793 4185 854 4247 228,
873 4199 910 4248 sq.
924 4181 976 4233 ctr.
992 4181 1020 4242 1,
1035 4183 1083 4233 ult.

211 4261 270 4310 218.
287 4257 365 4310 codd.
383 4252 618 4322 mtptaot‘uublnffl
631 4269 645 4302 θ
658 4254 723 4319 conj·
792 4260 851 4308 229.
869 4258 936 4307 idem
957 4257 1012 4306 finis
1028 4257 1077 4307 alio
1097 4275 1185 4318 sensu,
1199 4259 1231 4318 v,
1248 4262 1305 4311 151.

174 4336 269 4400 Πιέρου
278 4369 285 4396 ,
293 4331 339 4382 etsi
348 4331 426 4398 prima
433 4331 496 4380 male
505 4327 647 4395 corripitur.
658 4328 725 4378 Finis
792 4335 849 4383 222.
865 4333 941 4382 Vacat
953 4334 995 4383 ael
1009 4331 1035 4382 in
1046 4333 1127 4383 medio
1140 4348 1221 4386 remu.

175 4425 259 4461 versus
270 4424 301 4458 ex
314 4407 433 4465 Homero,
449 4405 478 4454 ll.
494 4407 517 4462 2,
532 4407 575 4464 25,
588 4403 631 4455 ubi
641 4412 723 4454 umen
791 4410 849 4458 223.
868 4409 978 4475 Καιροῠς
995 4408 1102 4474 intellige
1114 4408 1144 4458 de
1156 4410 1308 4476 tempestati·

175 4485 245 4554 prior
257 4483 283 4537 iu
293 4483 345 4550 ῥίον
355 4479 496 4546 corripitur.
756 4483 801 4534 bus
810 4482 878 4544 anui,
887 4493 913 4533 et
921 4483 987 4542 ctu,
1001 4486 1057 4535 157.
1064 4483 1130 4534 lulra
1135 4489 1304 4551 quoquam

210 4563 268 4613 220.
284 4559 327 4610 Sic
344 4574 417 4625 supra
430 4555 482 4615 ΙΙΙ,
497 4565 522 4606 et
536 4553 603 4606 alibi.
789 4561 847 4610 221.
866 4557 918 4610 Sub
930 4559 1020 4620 mom,
1037 4576 1065 4611 st
1084 4558 1223 4612 additurus
1239 4561 1305 4627 conj.
