3186 5310
230 442 290 503 2¹8
556 440 816 512 ΣΙΒΥΛΛΙΑΚΩΝ
837 451 966 511 ΛΟΓΟΣ
986 451 1023 510 Η.

342 594 453 660 Ταῦτα
469 595 566 663 ἀτασι
585 587 703 682 διδοὺς,
720 604 851 665 πλοῦτον
866 601 962 693 μέγαν
982 586 1097 664 Ᾱσσίδι
1116 596 1220 673 θήσει.

257 793 259 797 7
398 702 463 769 Καὶ
475 703 549 770 τότε
565 705 721 783 πενθήσεις
740 706 1000 800 πλατυτόρφυρον
1020 707 1201 798 ήγεμονόων

343 806 411 886 Φῶς
425 800 628 902 ἐκδυσαμίνη,
647 812 698 881 καὶ
716 814 859 905 πένθιμον
877 805 948 904 εἷμα
966 822 1113 907 φοροῦσα,

266 911 310 1002 75
344 889 375 980 ίλ
393 903 554 1013 [βασιλὶς]
576 921 765 1014 μεγαλαυχε,
784 911 949 998 Λατινίδος
970 922 1073 1015 ἔκγονε
1093 904 1223 1011 Ρώμης.

345 1026 460 1092 Οὐκέτι
475 1052 524 1093 σοι
537 1037 592 1106 τῆς
607 1038 661 1107 σῆς
678 1028 917 1122 μεγαλαυγενίης
936 1030 1022 1107 κλέος
1039 1030 1139 1112 ἔσται,

343 1125 423 1199 Οὐδ’
441 1134 597 1230 όρθωθήσῃ
617 1137 692 1203 ποτὲ
708 1126 873 1228 δύσμορος,
892 1136 973 1203 ἀλλά
990 1136 1131 1227 κλιθήσῃ.

343 1241 405 1306 Καὶ
420 1239 478 1336 γάρ
500 1242 680 1336 ἀητοφόρων
699 1246 853 1338 λεγεώνων
871 1235 949 1321 δόξα
968 1250 1118 1311 πεσεῖται.

343 1349 411 1414 Ποῦ
428 1349 497 1416 τότε
511 1375 559 1417 σοι
579 1352 616 1418 τὸ
630 1350 763 1444 κράτος,
784 1350 866 1418 Ποία
885 1361 924 1443 γῆ
945 1352 1106 1445 σύμμαχος
1121 1351 1224 1433 ἔσται,

264 1456 305 1522 80
344 1455 535 1524 Δουλωθεῖσα
553 1466 635 1538 τεαῖς
655 1460 953 1552 ματαιοφροσόνῃσιν
975 1461 1132 1550 ἀθίσμωςς

344 1563 451 1642 Ποίσης
471 1562 530 1660 γὰρ
545 1564 633 1659 γαίης
657 1566 774 1640 θνητῶν
798 1567 871 1634 τότε
891 1569 1034 1660 σύγχυσις
1053 1566 1153 1649 ἔσται,

343 1671 444 1749 Αὐτὸς
463 1673 687 1767 παντοκράτωρ
707 1677 781 1741 όταν
801 1672 894 1741 ελθῶν
916 1676 1032 1766 βήμασι
1046 1671 1130 1766 κρίνῃ

343 1780 473 1846 Ζώντων
494 1781 545 1848 καὶ
563 1783 674 1847 νεκύων
694 1778 807 1874 ψυχὰς,
826 1781 878 1847 καὶ
896 1781 1011 1874 κόσμον
1027 1781 1162 1848 ἀπαντα.

343 1885 447 1953 Κοῦτε
463 1896 560 1981 γονεῖς
579 1890 711 1956 τέκνοισι
727 1889 820 1982 φίλοι,
841 1893 874 1956 οὐ
892 1891 984 1956 τέκνα
1005 1897 1141 1983 γονεῦσιν

265 1992 306 2061 85
350 1977 515 2079 ἀσσονται,
533 1988 586 2062 διά
604 1986 767 2070 δυσσεόίην
782 1998 834 2064 καὶ
852 1992 952 2085 θλίψιν
974 1991 1121 2063 ἀελπτον.

345 2082 467 2169 fluor&
484 2128 532 2171 σοι
550 2106 698 2199 βρυγμὸς,
715 2105 767 2171 καὶ
786 2105 990 2196 σκορπισμὸς,
1011 2102 1064 2170 καὶ
1084 2101 1208 2188 ἀλωσις,

343 2210 469 2290 Πτῶσις
486 2213 561 2279 όταν
578 2213 650 2305 ἔλθῃ
671 2212 788 2280 πολεων
805 2211 858 2279 καὶ
876 2212 1028 2304 χάσματα
1039 2207 1141 2305 γαίης.

399 2319 560 2412 Πυρφόρος
575 2325 655 2388 ὥστε
676 2311 801 2412 δράκων
815 2317 934 2387 ὁπόταν
951 2318 1001 2386 ἐπὶ
1014 2320 1145 2411 κόμασιν
1164 2315 1252 2408 ἔλθῃ,

342 2428 475 2519 Γαστέρι
493 2428 609 2505 πλῆθος
628 2429 718 2519 ἔχων,
737 2428 788 2495 καὶ
808 2411 941 2521 [θλίψῃ]
964 2434 1025 2493 σεῖο
1047 2422 1209 2506 τὰτέκνα,

265 2557 308 2622 90
348 2520 524 2626 Εσσομόνου
540 2540 635 2625 λιμοῦ
654 2560 688 2601 τε
707 2536 758 2600 καὶ
780 2533 927 2628 ἐμφυλίου
948 2534 1111 2624 πολέμοιο,

344 2625 447 2732 Ῐθγγὺς
465 2642 519 2731 μὲν
537 2641 656 2733 κόσμου
675 2643 712 2709 τὸ
734 2646 834 2722 τέλος,
853 2641 906 2708 καὶ
924 2642 1054 2733 ἔσχατον
1071 2636 1167 2731 ἦμαρ,

344 2743 407 2813 Καὶ
427 2736 566 2840 δοκίμοις
585 2755 710 2826 κλητοῖς
729 2752 825 2841 κρίσις
841 2749 1006 2815 ἀθανάτοιο
1026 2750 1129 2813 Θεοῖο.

397 2855 515 2946 Πρῶτά
533 2846 569 2922 δὲ
590 2843 740 2948 Ῥωμαίων
761 2855 977 2948 ἀπαραίτητος
995 2855 1087 2946 χόλος
1104 2855 1207 2920 ἔσται·

343 2961 528 3054 Αίμοπότης
541 2964 643 3057 καιρὸς
662 2963 713 3030 καὶ
733 2956 883 3041 δόστηνος
902 2963 968 3048 βίος
986 2956 1062 3041 ήξει.

262 3066 307 3161 95
349 3067 388 3137 Αἳ
402 3066 436 3138 οἵ
450 3095 513 3154 σοι,
537 3061 634 3148 Ῑταλή
650 3073 748 3164 χώρη,
767 3073 848 3164 μέγα
869 3066 1023 3164 βάρόαρον
1042 3068 1142 3153 ἔθνος,

345 3179 413 3245 Οὐκ
426 3178 565 3265 ἐνόησας,
582 3182 647 3248 ὅθεν
667 3183 766 3274 γυμνή
790 3179 842 3245 καί
863 3172 983 3255 ἀνάξιος
1002 3172 1090 3255 ἦλθες

345 3286 427 3379 Πρὸς
442 3285 518 3376 φάος
538 3287 664 3373 ήελίοιο,
679 3288 717 3352 ἵν’
736 3286 777 3365 εἰς
798 3287 887 3352 αὐτὸν
907 3285 984 3353 παλι
1002 3294 1101 3376 χῶρον

344 3394 370 3459 Γ
371 3396 449 3486 υμνή
469 3397 623 3487 χωρήσῃς,
645 3395 696 3461 καὶ
712 3397 838 3487 ὕστερον
858 3392 897 3471 είς
913 3389 1009 3485 κρίσιν
1027 3389 1129 3482 ἔλθῃς,

344 3487 391 3580 Ως
407 3490 521 3579 ἀδίκως
539 3502 683 3593 κρίνουσα
713 3546 1125 3568 ...........

241 3632 301 3677 εοο
340 3607 437 3701 Χερσὶ
456 3606 644 3703 γιγαντείῃσι
665 3609 741 3700 μόνη
763 3604 845 3675 κατὰ
864 3608 978 3698 κόσμον
998 3604 1138 3688 ἅπαντα,

346 3701 389 3795 ER
403 3712 497 3805 ὕψους
517 3714 657 3800 ελθοῦσοι,
675 3719 868 3792 κατοικήσας
886 3714 945 3780 ὑπὸ
960 3720 1063 3806 γαῖαν.

235 3912 266 3924 -
282 3889 322 3947 13,
337 3902 389 3952 sqq.
411 3886 492 3937 Romae
506 3887 587 3938 luctus
602 3887 671 3954 [post
685 3884 801 3935 Hadriani
818 3885 947 3949 mortem]‚
962 3883 1118 3949 ejusdemque
1129 3879 1268 3947 propinqua
1280 3883 1371 3948 pemi-

233 3970 299 4029 σίσε,
315 3979 368 4021 tum
380 3988 457 4037 quum
471 3971 576 4022 maxima
590 3972 637 4021 erit
650 3987 747 4020 morum
761 3969 887 4025 confusio,
901 3968 1060 4033 maximaeque
1073 3964 1140 4016 orbis
1155 3974 1277 4015 terramm
1298 3967 1371 4018 mla-

233 4055 338 4107 ιυίιειοε,
354 4084 386 4094 -
401 4060 442 4116 88,
464 4075 516 4125 sqq.
537 4058 615 4108 Draco
630 4057 685 4123 [ille
699 4071 787 4120 nempe
800 4055 826 4105 in
841 4054 986 4121 Apocalypsi
1006 4051 1150 4120 ρνωόίοίυε]
1160 4059 1227 4105 ¹ante
1244 4050 1371 4115 judicium

231 4192 306 4260 quod,
319 4194 372 4261 ipso
385 4195 490 4255 vivente,
504 4206 621 4262 tanquam
635 4192 781 4260 sibyllinum
849 4195 891 4250 81,
903 4208 955 4258 sqq.
970 4192 1036 4242 (litat
1051 4190 1119 4241 hunc
1133 4199 1158 4240 et
1171 4190 1221 4239 duo
1234 4204 1288 4256 sqq.
1304 4190 1372 4244 Lm-

232 4269 375 4334 canebatur,
382 4272 447 4337 apud
459 4273 529 4323 Dion.
539 4273 605 4323 Cass.
617 4269 692 4333 an,
705 4270 720 4334 ς
733 4271 761 4317 18
773 4284 779 4318 :
814 4268 919 4326 nntius,
936 4268 995 4331 Vll,
1016 4283 1070 4333 ουρ.
1091 4269 1137 4326 2⁴,
1160 4265 1186 4315 in
1200 4265 1248 4316 hoc
1265 4266 1370 4336 legem,

225 4348 360 4413 ,Ἕσχατος
372 4348 492 4398 Αῐνεαδῶν
507 4346 677 4414 μητροκτόνος
690 4348 781 4408 ἡγεμο-
814 4345 871 4394 τότε
880 4346 985 4404 θνητῶν.

230 4421 323 4472 νεύσει.
847 4422 887 4470 82.
907 4421 974 4470 lact.
995 4423 1054 4470 όταν
1076 4420 1131 4490 ἔλθῃ
1149 4419 1241 4484 βήματι
1260 4419 1367 4483 κρῖναιε

267 4500 307 4550 75.
326 4497 401 4548 codd.
416 4493 437 4548 ὦ
453 4498 563 4565 βασιλεῦ.
815 4496 858 4546 cfr.
875 4495 948 4556 infra,
962 4497 1020 4554 222,
1036 4494 1079 4546 ubi
1093 4510 1149 4562 pars
1161 4493 1210 4544 erit
1217 4493 1371 4549 acrostichi-

267 4574 309 4626 Ἱθ.
327 4571 378 4625 cfr.
391 4573 421 4636 V,
432 4576 473 4636 47,
487 4576 544 4626 188.
814 4571 852 4622 dis
864 4571 1034 4623 celeberrime.

437 4894 444 4907 ·
537 4840 734 4968 A
