3186 5310
458 428 744 492 SlBYleNORUlll
764 429 839 488 blB.
861 429 925 491 Xll.
1188 424 1245 484 291

74 573 79 582 “
139 559 201 624 225
225 561 409 626 Ambitione
425 563 507 627 mala
522 563 624 651 regni3
642 561 797 651 multique
813 561 964 649 peribunt

227 668 374 734 Palladiis
387 670 549 754 domibus,
569 669 642 740 saevi
658 668 812 734 Mavortis
825 669 867 732 ob
884 668 976 731 iram.

226 775 307 838 Exin
320 779 423 841 Roma
438 794 545 865 gemet
556 776 692 861 viduata,
708 793 802 865 atquc
817 773 923 838 omnia
939 774 1051 855 solvet,

227 885 307 966 Quae
321 887 407 974 prius
423 886 545 974 injustis
562 902 740 976 patraverat
757 883 902 971 improba
919 882 1023 948 bellis.

226 989 297 1054 Flet
314 991 393 1056 mibi
409 1017 465 1057 cor
479 994 640 1071 anserum,
658 990 734 1055 flent
747 1012 863 1076 magno
880 1005 1010 1078 pectora
1026 988 1123 1051 luctu.

40 1140 42 1145 .
141 1093 204 1157 230
226 1096 400 1186 Postquam
413 1098 528 1162 etenim
543 1098 648 1187 primo
660 1098 720 1162 sub
733 1095 875 1184 principe
891 1092 1013 1157 llexeris
1025 1092 1141 1171 altum,

226 1204 343 1282 Roma,
361 1220 468 1292 caput,
478 1203 572 1290 justis
585 1202 639 1291 qui
654 1203 753 1266 vinxit
768 1199 892 1288 legibus
908 1199 1042 1279 orbem,

227 1308 301 1389 Quo
314 1325 465 1396 regnante
478 1309 535 1373 Dei
551 1306 716 1373 descendit
728 1307 769 1370 ab
786 1306 905 1369 aethere
916 1304 1073 1379 Verbum,

226 1413 311 1477 Noni
329 1432 401 1503 post
415 1414 575 1479 decimum
590 1415 678 1503 regni
692 1414 787 1480 fatale
799 1412 922 1477 ridebis

227 1520 380 1604 Eritium⁷
396 1547 494 1610 quum
505 1523 557 1586 vix
573 1524 622 1586 bis
633 1539 760 1587 centum
772 1521 822 1585 bis
834 1521 898 1585 duo
915 1519 1027 1606 bisque

141 1625 204 1690 235
228 1628 364 1692 Vicenos
378 1653 451 1693 cnm
464 1654 518 1693 sex
532 1628 672 1718 impleris
688 1628 852 1693 mensibus
866 1650 976 1690 annos.

273 1732 409 1798 Ultimus
421 1751 453 1798 at
466 1734 552 1798 ferro
566 1735 662 1799 luerit
676 1758 774 1823 quum
787 1756 886 1797 caesus
900 1747 1008 1807 acuto,

228 1839 305 1901 Post
317 1840 401 1904 bunc
416 1841 514 1929 regali
529 1865 661 1906 vacuam
678 1858 709 1905 te
724 1840 813 1930 prole
829 1837 961 1914 subibit,

229 1945 400 2033 Octoginta
414 1964 541 2024 notans,
563 1948 728 2012 vicesimus
741 1947 853 2011 ordine
867 1944 1031 2032 princeps;

228 2054 395 2115 Annorum
409 2054 464 2141 qui
476 2054 561 2118 mole
574 2054 691 2142 gravis,
706 2077 782 2117 mox
798 2052 943 2140 proditus
961 2051 1027 2138 ipse
1107 2056 1109 2061 ’

142 2152 205 2234 2Ἇο
227 2155 364 2244 Linquet
377 2176 409 2222 te
423 2158 564 2242 viduam,
579 2176 647 2224 tum
660 2184 756 2247 quum
773 2160 838 2222 fera
855 2156 965 2221 militis
983 2155 1041 2233 ira,

229 2262 399 2329 Discordes
417 2265 595 2330 animorum
614 2284 720 2348 aestus,
740 2265 909 2352 tristesque
930 2261 1046 2343 ruinae,

228 2369 442 2459 Crudelesque
454 2396 561 2455 neces,
578 2390 609 2436 et
622 2389 734 2436 cuncta
749 2370 899 2435 immania
914 2367 991 2431 [ient

228 2476 395 2562 Regnandi
412 2476 513 2559 furiis,
531 2478 661 2566 latoque
674 2477 825 2542 cadavera
840 2498 954 2564 campo

229 2581 481 2670 Quadrupedum
494 2600 591 2672 atque
604 2582 707 2648 virum
722 2583 811 2648 bello
832 2581 991 2646 cumulata
1001 2577 1167 2664 jacebunt.

140 2683 204 2763 245
273 2686 352 2751 Inde
365 2689 443 2753 alius
455 2689 570 2755 decimi
585 2714 681 2780 quem
699 2706 856 2755 monstrat
872 2689 964 2752 litera
983 2683 1078 2774 signi,

229 2794 370 2859 Accedet
385 2797 503 2883 regnis,
520 2797 711 2885 infandaque
726 2798 827 2861 multa
843 2795 995 2884 patrabit,

230 2899 365 2988 Diripiet
377 2903 471 2980 cives,
488 2904 625 2992 gemitus
640 2904 851 2990 lacrimasque
867 2902 983 2974 ciebit3

230 3005 297 3070 Nec
310 3022 416 3071 tamen
429 3008 483 3073 ille
501 3008 555 3073 diu
574 3032 582 3071 :
601 3033 674 3073 nani
691 3010 761 3073 fatis
779 3009 881 3073 victus
897 3005 1025 3094 iniquis,

229 3111 317 3175 Saevo
335 3113 439 3177 Marte
453 3115 557 3192 cadet,
575 3114 659 3177 ferro
675 3114 842 3178 transfixus
859 3129 965 3176 acuto.

143 3216 207 3281 250
274 3218 376 3297 Alter,
395 3219 621 3307 quinquaginta
642 3222 724 3283 feret
742 3220 797 3307 qui
809 3218 951 3308 nomine,
968 3240 1066 3281 saevus

230 3323 368 3387 bellator
382 3324 488 3388 veniet
506 3325 683 3414 longinquo
698 3325 774 3389 solis
790 3325 831 3388 ab
846 3340 931 3407 ortu,

230 3430 396 3518 Regnandi
411 3431 557 3520 cupidus,
575 3433 740 3519 victorque
756 3430 796 3494 ad
814 3430 908 3494 litora
927 3432 1068 3493 Thraces

232 3536 373 3600 Accedet
391 3565 398 3600 :
416 3536 489 3601 dein
507 3537 574 3626 ipse
591 3537 698 3624 fugam
714 3537 849 3625 Bithyna
865 3559 923 3624 per
942 3559 1015 3599 arva

230 3643 271 3705 Et
286 3643 420 3707 Cilicum
438 3643 540 3732 rapiet
558 3661 675 3726 terras3
695 3667 770 3707 mox
787 3643 907 3707 ferreus
925 3642 1012 3706 illum

140 3877 190 3926 quo
215 3861 271 3911 ride
295 3864 475 3927 nobb-2³5,
498 3880 552 3929 sqq.
570 3864 698 3921 Pertinax,
720 3865 788 3930 cujus
809 3863 879 3914 litera
900 3860 931 3924 11,
953 3877 1067 3910 numems
1090 3865 1131 3912 80.
1152 3889 1183 3898 --
1201 3863 1259 3923 215,

141 3961 195 4010 sqq.
207 3945 290 3996 Didius
303 3946 420 4005 lulianus,
437 3949 505 4015 cujus
526 3949 597 3998 litera
618 3949 639 4011 1,
655 3965 769 4021 numerus
788 3951 826 3999 to.
840 3977 869 3985 -
885 3951 943 4005 250,
964 3962 1016 4010 sqq.
1033 3944 1113 4010 Niger,
1130 3946 1264 4012 imperator

141 4031 168 4080 in
179 4030 233 4080 Asia
246 4032 369 4094 salutatus,
390 4033 459 4098 cujus
479 4034 549 4083 litera
563 4034 593 4096 N,
614 4050 730 4083 numerus
744 4038 783 4083 50.
800 4062 830 4071 -

176 4210 233 4258 211.
253 4207 303 4258 etr.
315 4209 364 4268 111,
375 4213 432 4261 260.
717 4210 888 4271 creberrimus,
903 4219 929 4258 ut
942 4208 1016 4266 iuba,
1032 4209 1089 4266 215,
1102 4215 1148 4255 cle.

175 4285 233 4333 211.
261 4286 301 4332 Ἐν
319 4285 431 4350 δαπέδῳ,
456 4286 501 4335 cfr.
528 4303 609 4351 snpra,
624 4291 681 4336 215.
751 4291 809 4336 253.
829 4287 855 4335 ln
866 4287 972 4335 Βιθυνῶν
984 4283 1045 4333 nibil
1055 4279 1207 4332 mutandum,
1217 4275 1263 4324 etsi
1300 4322 1311 4345 κ

142 4358 233 4410 Deinde
247 4360 318 4410 codd.
328 4363 469 4424 collisorum
481 4361 616 4424 ἀεξόμενοι,
632 4361 684 4411 sine
719 4361 836 4427 primores
858 4363 918 4410 duas
939 4359 1041 4426 syllabas
1068 4357 1131 4406 male
1161 4349 1264 4416 corripit

141 4449 227 4483 senam
246 4452 290 4484 nos
302 4451 370 4486 corr.
720 4437 813 4493 Noster,
828 4435 894 4502 quod
908 4435 972 4485 libro
985 4434 1030 4493 ΧΙ,
1043 4437 1103 4490 llo,
1115 4444 1165 4477 non
1178 4440 1263 4492 pecca-

175 4512 235 4561 212.
263 4509 348 4561 Versus
373 4512 398 4561 in
423 4511 461 4562 bis
485 4522 592 4577 quatuor
617 4511 686 4562 libris
720 4521 795 4562 verat.
