3186 5310
238 400 278 496 ορ
564 403 822 464 Σιννννινιιιιν
847 403 971 463 ιοιοκ
994 407 1028 463 ν.

345 531 462 615 Ϋδασιν
478 549 655 639 ἀλλόμενος,
677 543 807 642 ροόεράν
827 541 983 626 ὀλολόξετ’
1003 538 1123 623 ἀοιδάν.

346 639 448 722 Ιίῖσται
467 645 497 720 δ’
516 648 658 734 ἐξαπίνης
679 656 735 748 ἀηρ
755 656 976 732 ἀκατάστατος
990 660 1072 746 ὑμῖν,

243 759 303 829 165
347 761 410 829 Καὶ
424 760 513 854 χολος
532 762 688 855 οὐρανόθεν
707 761 841 858 μεγάλου
856 766 936 830 Θεοῦ
949 755 1013 841 ἥξει
1028 762 1076 851 ἐρ’
1094 765 1185 852 ὐμιῖς.

347 854 447 936 Ιῗσταε
463 861 491 935 δ’
506 871 668 965 ἀτρεκέως,
686 871 733 937 ὅτ’
752 874 780 948 ἐς
800 870 973 962 ἀνθρώπους
994 865 1136 963 προϊάψει

301 1052 313 1060 ,
347 977 455 1067 Σωτὴρ
470 976 629 1058 ἀθάνατος,
644 971 679 1044 ἀν
699 980 741 1068 μὴ
763 977 839 1046 Θεὸν
856 971 1017 1061 ίλάξησθε,

348 1085 412 1149 Καὶ
432 1084 592 1175 μετάνοιαν
609 1085 696 1177 ἔχητ’
714 1085 776 1152 ἀπὸ
792 1096 855 1170 νῦν,
876 1084 927 1153 καὶ
942 1087 1050 1176 μηκέτι
1066 1074 1130 1174 μηδ
1134 1083 1162 1149 ὲν

347 1190 499 1259 Δόσκολον
514 1191 548 1267 ἀὲ
567 1192 660 1260 κακόν
676 1197 703 1260 τ’
721 1192 928 1285 ἀθεμίστατον
947 1188 1041 1271 ἀλλος
1057 1193 1105 1285 ἐπ’
1122 1187 1208 1275 άλλῳ
1232 1246 1236 1253 .

243 1321 306 1388 170
347 1298 494 1393 Πράττη,
513 1298 580 1367 ἀλλ’
594 1299 668 1389 ὁσίῳ
685 1298 781 1386 βιότῳ
800 1302 1029 1394 πεφυλαγμένος
1045 1296 1101 1371 είη.

401 1407 442 1472 Οἱ
456 1397 555 1500 θέμιν
574 1403 736 1484 εἰσαΐοντες
756 1401 953 1500 ίμυκτηριζον
974 1409 1119 1490 ἕκαστος,

349 1494 490 1606 Ιίκρρονιι
507 1517 737 1598 κικλόσκοντες,
757 1512 836 1608 ἀτὰρ
858 1515 1068 1608 μεμανημίνον
1085 1504 1198 1605 ἄνδρα.

350 1620 413 1688 Καὶ
427 1620 502 1690 τότε
518 1611 548 1687 δ’
564 1617 602 1688 αὐ
619 1620 712 1688 πάλιν
728 1617 810 1701 αὐθις
826 1622 930 1715 ἀνίαχε
945 1622 1015 1687 Νῶε
1031 1611 1153 1704 ἀοιδήν,

400 1701 432 1794 Θ
451 1732 531 1823 μέγα
550 1718 690 1813 δειλαιοι,
710 1731 905 1822 κακοιίτορες,
925 1725 1061 1798 ἀστατοι
1079 1720 1198 1817 ἀνδρις,

246 1833 306 1924 175
349 1826 479 1909 Αίδοίην
498 1836 712 1930 προλιπόντες,
729 1827 882 1911 ἀναιδείην
899 1835 1073 1920 ποθέοντες,

351 1930 536 2035 Ᾱρπασιαῐοι
556 1946 710 2035 τύραννοι,
731 1943 909 2037 ἁμαρτωλοί
922 1969 954 2011 τε
975 1941 1081 2028 βίαιοι,

349 2055 501 2137 Ψεῦσται,
516 2050 726 2143 ἀπιστόκοροι,
739 2050 1002 2144 κακοπράγμονες,
1019 2040 1107 2136 οὐδὲν
1124 2047 1257 2130 α’ληθιῖς,
1292 2076 1296 2088 ’

349 2159 580 2253 Δικτροκλόποι
594 2159 634 2243 θ’,
652 2157 869 2252 εὐρεσσίλογοι,
889 2150 1038 2250 δύσφημα
1051 2158 1185 2248 χέοντες,

349 2269 417 2332 Οὐκ
434 2268 527 2360 ὀργλν
542 2257 576 2332 δὲ
593 2271 671 2333 Θεοῦ
690 2256 840 2344 δειδιότες
857 2263 1013 2351 ὐψίστοιο,

246 2371 308 2440 180
351 2372 405 2451 Εἰς
420 2377 523 2466 γενεὴν
544 2375 687 2463 πέμπτην
703 2374 930 2467 περυλαγμόνοι
952 2365 1146 2451 ἐξαποτῑσαι.

352 2481 399 2545 Οὐ
418 2479 533 2546 κλαίετ
555 2471 682 2557 ἄλλυδις
700 2475 806 2565 ἀλλον,
823 2481 963 2565 ἀπηνέος,
980 2472 1060 2546 α’λλιὶ
1078 2482 1198 2572 γελᾶτε.

349 2577 515 2680 Σαρδόνιον
534 2577 670 2677 μείδημα
682 2586 859 2679 γελάσσετε,
879 2587 1022 2654 όπτόταν
1036 2577 1089 2677 fii,

350 2694 467 2777 Τοῦτο,
480 2694 574 2785 λέγω,
595 2694 630 2759 τὸ
650 2697 730 2759 Θεοῦ
747 2686 875 2786 ροόερύν
894 2694 945 2761 καὶ
959 2696 1111 2769 ἐπήλυτον
1130 2683 1227 2783 ὕδωρ,

351 2783 483 2868 ὁππότε
500 2808 610 2866 καινιεῖ
624 2799 699 2892 ἱερὸν
716 2800 802 2893 γένος
822 2801 851 2866 ε’νι
865 2800 951 2892 χθονὶ
968 2808 1063 2893 κῦμα,

247 2904 308 2974 185
350 2893 469 2976 Ᾰίναον
484 2898 594 3001 ῥίζῃσιν
610 2896 792 2995 ἀδιψητοισι
812 2905 949 2992 τεθηλός,

349 3012 573 3109 Αὐτόπρυμνον
591 3010 697 3080 ἀϊστον
714 3013 741 3110 ἰῇ
761 2997 777 3109 [
799 2997 824 3108 ']
840 3016 868 3081 ἐν
884 3015 971 3083 νυκτὶ
989 3017 1129 3108 γένηται,

348 3119 414 3188 Καὶ
430 3120 536 3200 πόλεις
554 3109 741 3213 αὐτάνδρους
763 3120 919 3213 σεισίχθων
937 3119 1115 3216 είνοσίγαιος

348 3225 531 3319 Κευθμῶνος
544 3225 633 3324 γαίης
650 3218 807 3314 σκεδάσει,
826 3226 877 3295 καὶ
896 3227 1000 3321 τείχεα
1017 3231 1111 3296 λόσει.

347 3335 412 3403 Καὶ
429 3335 500 3402 τότε
515 3336 629 3428 κόσμος
646 3333 727 3413 ἀπας
746 3359 779 3401 τε
798 3334 975 3428 ἀπειρεσίων
995 3334 1159 3428 ἀνθρώπων

242 3465 305 3531 190
347 3433 511 3519 Θνόξεται.
529 3440 636 3533 Αὐτὰρ
651 3443 711 3536 ἐγὼ
725 3442 809 3510 πόσα
824 3441 974 3528 πενθήσω,
994 3441 1078 3510 πόσα
1092 3443 1216 3509 κλαύσω

345 3547 432 3636 Οίκιρ
449 3538 617 3638 δουρατέῳ,
633 3549 717 3615 πόσα
733 3539 852 3640 δάκρυα
871 3550 986 3641 κόμασι
1005 3542 1102 3641 μίξως

346 3642 392 3722 Ην
407 3652 466 3749 γὰρ
480 3652 591 3748 ε’πελθιρ
612 3665 702 3723 τοῦτο
721 3659 800 3722 Θεοῦ
817 3657 1048 3747 κεκελευσμένον
1064 3648 1160 3749 ὐδωρ,

344 3763 475 3829 Πλεόσει
487 3772 541 3856 γῆ,
559 3763 738 3830 πλεόσουσιν
754 3762 820 3853 όρη,
839 3764 962 3830 πλεόσει
976 3752 1011 3829 δὲ
1026 3762 1078 3829 καὶ
1095 3762 1196 3856 αἰθὴρ,

343 3851 432 3960 Ϋδωρ
452 3870 540 3937 ἔσται
554 3869 691 3953 ἅπαντα,
709 3869 760 3935 καὶ
777 3860 870 3936 ὕδασι
884 3869 976 3937 πάντ’
993 3870 1163 3937 ἀπολεῖται.

238 3979 299 4066 195
344 3976 518 4051 Στόσονται
533 3967 561 4042 δ’
574 3970 691 4070 άνεμοι,
707 3976 759 4044 καὶ
773 3967 912 4069 δεύτερος
929 3979 1053 4044 ἔσσεται
1070 3976 1158 4043 αἰών.

268 4152 325 4202 163.
343 4149 382 4199 An
395 4151 501 4217 φοῦερήν
516 4149 664 4216 legendum?
809 4160 971 4216 metrumque,
980 4148 1111 4200 etomuino
1121 4148 1248 4215 legendum
1261 4149 1360 4202 videtur

266 4229 322 4278 174.
343 4227 461 4278 ’Ἄστατοι
488 4241 519 4275 εει
538 4224 601 4276 sorte
625 4224 726 4292 respicit
748 4225 778 4276 ad
810 4227 918 4293 ἅρπαγες
930 4227 973 4285 ἠδὲ
993 4226 1108 4290 τύραννοε
1125 4225 1162 4274 vel
1180 4224 1209 4284 ἠὲ
1230 4225 1355 4290 τύραννοι.

230 4301 364 4366 θστασίησι
376 4299 502 4366 τύραννοι,
513 4298 578 4359 vill,
591 4302 657 4351 1⁸5?
811 4302 889 4352 Aliter
905 4303 975 4352 oodd.
991 4301 1055 4352 libro
1064 4301 1128 4359 vm,
1146 4306 1202 4364 185,
1223 4303 1357 4367 ἁστασίησι

159 4438 160 4443 ρ
266 4376 406 4426 115-171.
419 4376 478 4424 Tm
495 4388 578 4423 versus
589 4389 619 4424 ex
633 4372 701 4433 vul,
720 4377 777 4434 18⁴,
812 4377 936 4445 τύραννοι,
951 4376 995 4427 ubi
1007 4376 1062 4427 vide
1074 4386 1125 4426 not.

229 4467 282 4519 sqq.
297 4451 361 4502 mule
372 4451 421 4501 hue
433 4450 505 4501 illati.
847 4457 902 4503 179.
922 4452 973 4503 Cfr.
987 4451 1051 4512 vm,
1068 4455 1125 4503 18³.

265 4528 322 4579 116.
339 4525 381 4579 Sic
394 4527 466 4578 codd.
486 4543 492 4578 :
511 4527 553 4577 sed
572 4536 675 4595 ρεοοιιιι
693 4527 777 4593 lingua
847 4531 901 4579 1⁸0.
922 4527 972 4578 cfr.
988 4543 1070 4596 supra,
1087 4531 1142 4578 1⁰2.
