3186 5310
476 467 755 531 stertunonuu
774 469 848 529 ntn.
871 467 895 528 1.
1146 432 1150 437 ’
1204 458 1244 521 ss

215 596 327 682 Ligna,
349 601 544 690 domumque
562 600 652 667 fretis
665 601 806 667 habilem
820 599 976 663 fabricare
993 594 1150 662 secandis.

217 705 290 792 lpse
305 707 410 797 operis
427 711 615 773 monstrabo
629 708 724 786 viam,
743 708 829 773 dabo
844 707 960 771 mentis
970 727 1118 786 acumen,

133 809 193 876 135
216 812 414 899 Mensorum,
435 817 584 905 spatium,
605 815 744 882 formam
760 839 769 881 ι
785 813 863 879 mihi
878 837 952 879 cura
966 811 1074 878 salutis

218 919 348 987 Summa
367 939 429 988 tute
442 923 552 1004 fuerit,
569 922 665 990 fuerit
681 922 760 990 mihi
778 946 854 989 cura
868 938 1011 986 tuorum.

218 1027 290 1115 Ipse
307 1052 366 1118 ego
388 1055 458 1095 sum
476 1031 532 1121 qui
552 1048 627 1098 'snm
646 1032 784 1122 (memor
801 1030 865 1094 huc
884 1027 1041 1094 advertito
1059 1021 1233 1111 mentem);

219 1133 322 1200 Vestit
335 1161 388 1202 me
403 1139 535 1223 caelum3
554 1141 684 1229 cingunt
699 1136 804 1225 magui
820 1161 945 1226 aequora
960 1134 1069 1224 ponti,

128 1280 131 1287 ·
219 1241 319 1308 Fulcit
333 1261 418 1310 terra
436 1246 551 1336 pedes;
570 1264 679 1314 vastus
695 1246 918 1335 complectitur
932 1267 1002 1320 aer3

134 1352 196 1427 140
219 1351 260 1414 Et
272 1351 388 1418 chorus
405 1370 565 1419 astrorum
581 1377 632 1419 me
646 1352 906 1419 circumvolvitur
924 1349 1041 1416 omnis.

221 1457 300 1523 Sunt
316 1460 473 1527 elementa
487 1486 602 1527 novem
619 1461 710 1541 mibi,
730 1478 804 1527 sunt
820 1477 853 1525 et
866 1476 1017 1549 quattuor
1030 1479 1141 1522 omnes

221 1566 377 1655 Syllabae;
395 1568 429 1634 in
447 1569 621 1659 hisprimae
635 1586 699 1634 tres
714 1569 799 1634 binis
814 1593 852 1633 ex
866 1567 1045 1647 elementis,

117 1749 120 1757 ἱ
221 1674 344 1757 Quarta
355 1676 391 1740 fit
404 1700 422 1741 e
437 1676 586 1767 reliquis;
602 1678 710 1742 insunt
725 1678 775 1742 his
792 1699 932 1742 consona
949 1675 1101 1764 quinque.

222 1783 335 1849 Totius
351 1801 384 1849 at
399 1785 525 1851 numeri
543 1785 594 1851 bis
610 1802 686 1851 sunt
703 1783 938 1869 hecatontades.
949 1798 1024 1846 octo

137 1887 197 1967 145
221 1890 262 1954 Et
276 1907 325 1956 ter
339 1909 404 1958 tres
415 1892 563 1972 decades,
581 1917 655 1959 cum
668 1910 805 1983 septem.
824 1891 857 1957 Si
873 1890 980 1956 scieris
999 1912 1063 1967 me,

223 1996 343 2064 Divinae
358 2017 390 2066 te
407 2000 494 2066 nulla
508 2001 554 2066 rei
570 2018 691 2067 secretu
708 2001 866 2065 latebunt.

267 2105 321 2172 Sic
336 2107 454 2173 effatus
473 2136 481 2173 ι
501 2125 534 2174 at
549 2108 637 2174 hunc
650 2108 758 2174 subito
774 2124 898 2172 tremor
912 2119 1048 2194 occupat
1066 2101 1189 2190 ingens.

225 2212 301 2277 lllox
318 2213 374 2280 ubi
388 2215 538 2305 prudenti
551 2220 638 2304 jussa
651 2216 759 2282 omnia
773 2230 881 2280 mente
898 2211 1033 2304 paravit,

225 2318 355 2386 Hortari
370 2323 466 2413 coepit
481 2324 621 2415 populos
638 2341 671 2389 et
686 2323 760 2388 talia
778 2322 837 2387 fari
858 2349 865 2386 ε

141 2423 202 2490 150
269 2427 298 2492 0
315 2427 472 2514 homines,
487 2432 558 2521 quis
571 2454 628 2497 vos
640 2430 822 2496 incredulus
835 2426 953 2518 abripit
965 2424 1082 2489 orror?

226 2533 339 2602 Vestra
355 2537 453 2603 latere
468 2540 574 2605 Deum
587 2537 721 2628 speratis
734 2538 842 2603 facta?
858 2535 975 2602 Salutis

224 2642 357 2710 Arbiter
372 2663 522 2725 aeternus,
537 2645 626 2711 videt
643 2645 750 2712 omnia
769 2663 802 2709 et
818 2645 925 2709 omnia
939 2641 1030 2707 novit
1049 2666 1057 2704 ε

224 2751 321 2839 Cujus
337 2751 423 2818 dicta
438 2753 520 2834 fero,
535 2776 645 2819 nevos
658 2751 819 2818 dementia
834 2751 961 2841 perdat.

226 2857 346 2923 Discite
359 2860 530 2948 justitiam,
549 2859 634 2926 vitiis
651 2859 807 2942 absistite,
825 2881 905 2922 neve

142 2961 201 3030 155
227 2966 314 3031 luter
330 2990 386 3033 vos
400 2966 491 3033 furiis
503 2967 576 3033 odia
595 2984 741 3033 exercete
754 2964 907 3045 cruentis,

227 3073 378 3139 Humano
396 3074 461 3140 late
475 3075 674 3141 maculantes
686 3074 839 3164 sanguine
852 3089 981 3136 terram.

228 3181 425 3247 Immensum
438 3181 657 3272 invictumque
675 3185 792 3264 Deum,
811 3201 985 3267 rerumque
1001 3190 1180 3265 potentem,

229 3288 288 3352 Cui
305 3287 420 3355 domus
432 3290 465 3354 in
482 3289 572 3374 caelo,
590 3288 641 3355 cui
653 3288 724 3354 finis
741 3288 841 3367 nulla,
858 3287 981 3365 timete,

214 3396 399 3476 Mortales,
413 3397 562 3487 votisque
579 3395 640 3487 piis
657 3413 747 3462 orate
765 3396 959 3486 (benignum

145 3504 206 3568 160
235 3503 388 3594 Scilicet),
405 3522 441 3570 ut
455 3505 612 3570 mundum
626 3504 801 3586 viventem,
820 3503 994 3590 urbesque,
1018 3495 1241 3582 hominesque,

232 3610 464 3702 Quadrupedes
481 3612 703 3702 volucresque,
722 3629 756 3676 ut
771 3634 910 3701 praesens
928 3606 1036 3673 omnia
1053 3617 1170 3670 seruet.

230 3718 372 3808 Tempus
386 3721 457 3801 erit,
474 3742 573 3808 quum
588 3736 674 3812 totus
688 3719 778 3807 aquis
795 3716 956 3783 delebitur
971 3713 1071 3790 orbis,

144 3929 692 3998 mstispassimobsiis‚inii'sprascrtimquae
762 3935 818 3988 150,
832 3946 885 3995 sqq.
903 3926 954 3979 ctr.
980 3923 1120 3977 Fabricium
1136 3922 1161 3971 in
1183 3920 1273 3970 Pseud·

144 4007 188 4057 sub
209 4007 368 4074 Tbeosophitc
390 4007 463 4057 titulo
487 4008 692 4058 bibliothecarum
726 4005 853 4075 epigraph.
869 4003 899 4055 V,
911 4003 940 4053 T.
953 4012 976 4052 et
992 4001 1047 4050 vide
1058 4009 1111 4049 not.

144 4082 259 4148 catalogis
276 4083 457 4141 inscribuntur,
479 4082 572 4133 diverse
588 4081 690 4148 legitur.
748 4078 817 4132 'tto
840 4080 1021 4144 Ἇπιστὸκοροι,
1031 4072 1239 4141 «impietatelarti
1250 4092 1272 4128 υ,

145 4158 187 4209 καὶ
205 4161 324 4226 τέσσαρες
339 4159 376 4209 vel
396 4159 441 4209 σὺν
464 4159 580 4223 scapulos,
601 4157 692 4208 alicubi
726 4167 751 4208 et
760 4158 794 4206 sic
808 4157 882 4211 inira.
899 4159 943 4206 ltt
958 4163 983 4204 et
996 4155 1052 4203 329.
1067 4155 1100 4202 At
1112 4151 1137 4201 iu
1151 4148 1218 4199 libris
1230 4147 1275 4197 lll-

145 4234 219 4284 etinm
232 4235 274 4284 sal
284 4235 318 4290 δὶς
328 4235 399 4293 ἑπτά,
412 4232 476 4282 unde
488 4234 565 4299 major
577 4233 634 4282 nodi
644 4233 692 4282 sol·
725 4232 790 4296 xltt,
805 4231 892 4299 passim
912 4228 1110 4296 ἂπληστόκοροι,
1130 4227 1195 4276 unde
1214 4223 1276 4274 ratio

147 4309 218 4358 vendi
233 4308 379 4359 difficultas:
391 4309 446 4358 side
459 4317 511 4357 not.
726 4307 862 4359 dubitandi.

183 4387 238 4434 tls.
259 4383 414 4435 Pentametro
424 4401 469 4451 pro
478 4383 619 4434 hexametro
626 4385 693 4435 elau·
763 4389 819 4436 159.
839 4383 879 4434 Sic
895 4383 921 4432 in
935 4379 1052 4433 Psalterio
1064 4395 1143 4447 sepe,
1167 4379 1205 4428 ὃτι
1214 4394 1277 4446 χρη·

148 4459 215 4510 ditur
242 4460 341 4526 aenigma
369 4477 418 4510 nou
439 4461 491 4510 sine
513 4460 629 4524 exemplis
654 4460 694 4509 in·
730 4453 1276 4527 citatquouiambonusnffls.10.v.t‚

148 4536 307 4604 scriptionum
314 4549 436 4594 ueterum,
453 4537 526 4588 ctiam
542 4536 606 4601 apud
615 4535 697 4586 liune-
730 4548 756 4588 et
769 4536 866 4605 passim.

150 4611 252 4662 thonem
263 4612 362 4663 crebris.
771 4617 827 4664 tut.
846 4611 914 4663 Finis
927 4611 992 4662 idem
1004 4605 1169 4667 sertorium,
1182 4603 1249 4671 tte:
