3186 5310
442 448 726 512 SIBYLLINORUM
747 450 820 511 LlB.
845 451 899 525 Ill,
920 450 938 531 ᾗ
958 455 988 512 2.
1235 455 1273 514 93

247 587 353 653 Fatale
365 585 508 666 exitium,
522 587 689 675 Trojaeque
702 585 876 650 miserrima
890 585 1007 651 clades.

247 694 325 760 Inde
338 693 456 757 malum
474 694 586 757 Persas
601 709 721 770 manet,
738 693 945 782 Assyriosque
962 709 1120 782 potentes,

248 804 288 867 Et
302 818 401 866 totam
417 801 606 890 AEgyptum,
625 799 759 888 Libyam
775 799 882 884 simul,
899 800 1143 890 AEtbiopasquc‚

248 908 457 999 Pamphylos,
476 909 633 995 Caresque
651 907 784 971 domum
799 923 923 971 mutare
937 924 1076 985 coactos,

162 1042 226 1082 210
249 1016 467 1105 Mortalesque
482 1019 604 1078 omncs.
622 1012 685 1077 Sed
701 1037 852 1103 quorsum
871 1014 991 1103 singula
1012 1014 1132 1104 pando,

250 1122 375 1207 Quidve
391 1122 525 1186 moror?
538 1119 599 1185 Vix
618 1144 681 1185 una
699 1120 765 1185 lues
781 1120 922 1201 cessarit,
941 1138 973 1185 et
985 1145 1059 1186 cccc

249 1230 359 1295 Altera
375 1227 536 1294 succedet.
550 1230 645 1294 Nunc
659 1226 771 1292 ordine
787 1227 909 1315 singula
920 1228 1069 1316 pandam.

295 1339 417 1400 Instant
430 1360 545 1424 magna
559 1335 619 1425 piis
636 1334 731 1417 mala,
752 1334 806 1424 qui
820 1334 1002 1399 Salomonia
1019 1335 1138 1400 circum

252 1442 385 1531 Templa
403 1443 524 1521 colunt,
543 1440 708 1506 hominum
725 1443 884 1527 justorum
899 1441 1050 1530 sanguiue
1065 1442 1155 1520 creti,

166 1551 228 1614 215
252 1549 402 1631 Quorum
417 1547 604 1639 progeniem
617 1548 800 1628 celebrabo,
818 1570 981 1637 genusque
997 1566 1178 1638 paternum,

254 1656 294 1718 Et
309 1670 411 1719 totam
426 1673 566 1744 gentem.
588 1657 638 1719 Tu
658 1654 719 1718 fida
736 1670 844 1718 mente
859 1678 1017 1743 reponens

255 1762 331 1825 Haec
344 1760 467 1826 utinam
482 1760 659 1844 mediteris,
678 1761 776 1825 homo
790 1762 880 1825 vafer
897 1779 993 1849 atque
1010 1762 1139 1827 dolose!

298 1869 356 1933 Est
369 1868 447 1933 urbs
462 1869 493 1932 iu
508 1885 601 1934 terroe
619 1867 805 1957 regionibus
822 1867 1033 1949 Urcbaldaeis,

256 1973 349 2039 Unde
366 1974 445 2039 mihi
459 1974 565 2065 proles
579 1975 747 2039 hominum
757 1974 930 2062 justissima
947 1990 1067 2062 surget,

170 2103 234 2144 rao
256 2080 356 2163 Queis
371 2104 498 2170 semper
512 2083 598 2146 bona
617 2104 707 2146 mens
726 2096 759 2145 et
772 2104 880 2145 rerum
894 2104 969 2145 cura
983 2079 1118 2170 piarum.

257 2188 341 2252 Nam
356 2210 461 2278 neque
477 2186 648 2253 decursum
664 2187 751 2265 solis,
771 2187 892 2252 lunaeve
912 2187 1053 2268 labores,
1119 2222 1121 2226 ⁴

257 2294 369 2359 Cetera
382 2318 442 2369 nec
459 2311 572 2359 curant
590 2318 660 2384 quoe
672 2294 768 2381 vulgo
783 2317 900 2383 magna
910 2293 1068 2377 seruntur,

258 2400 326 2465 Nec
341 2401 447 2491 magni
464 2400 584 2465 Oceani
602 2399 752 2465 rimando
763 2424 906 2488 quaerere
922 2399 1071 2481 fundum,

258 2507 327 2572 Nec
338 2524 570 2574 sternutantum
587 2507 752 2599 praesagia,
769 2530 829 2572 nec
848 2531 926 2597 vaga
945 2532 1056 2597 pennae

174 2612 236 2679 225
260 2612 374 2679 Omina
389 2614 539 2704 pernicis,
555 2638 622 2678 non
637 2613 790 2696 carmina,
806 2613 938 2698 sascina,
954 2631 1067 2695 sortes,

261 2720 335 2784 Non
346 2720 532 2786 insanorum
548 2720 711 2786 mendacia
728 2720 1019 2811 ventriloquorum,

264 2827 332 2891 Nec
344 2850 414 2917 quae
428 2827 567 2892 Chaldaei
585 2828 747 2892 stellarum
764 2829 890 2892 oracula
905 2844 1064 2917 quaerunt,

263 2934 356 2997 Astra
370 2958 429 2999 nec
448 2935 632 3002 observant.
656 2935 784 3024 Quippe
806 2934 872 3002 haec
889 2933 1011 2999 fallacia
1026 2952 1137 2999 cuncta

263 3039 408 3105 Mortalis
423 3042 526 3106 turbae
543 3042 659 3123 studia,
675 3041 897 3131 incassumque
914 3041 1060 3106 laborant

179 3144 241 3209 230
264 3147 369 3210 Insani
383 3147 490 3213 vacuis
502 3172 603 3213 aevum
618 3172 807 3214 consumere
820 3148 915 3213 curis.

264 3251 350 3335 Quin
372 3277 471 3343 genus
487 3254 561 3319 inde
579 3255 745 3320 bominum
764 3254 881 3319 multos
897 3253 994 3318 trahit
1019 3273 1115 3343 atque
1130 3253 1296 3343 pudendos

264 3361 410 3443 Errores,
424 3376 520 3449 atque
536 3360 611 3427 inde
625 3359 728 3425 fluunt
743 3361 826 3426 mala
841 3377 952 3426 cuncta
970 3385 1028 3450 per
1043 3361 1169 3440 orbem,

264 3467 425 3532 Perversis
437 3467 581 3557 rectique
596 3467 653 3532 viis
667 3484 700 3533 et
712 3467 831 3533 finibus
845 3468 940 3558 aequi.

266 3572 324 3636 His
338 3590 445 3639 autem
459 3575 560 3640 virtus
575 3591 608 3639 et
622 3574 744 3661 justitia
760 3575 854 3641 unica
871 3599 955 3640 curae
969 3593 1029 3659 est,

181 3678 242 3744 235
265 3680 341 3744 Non
354 3683 437 3747 mala
453 3682 612 3764 avarities,
629 3707 698 3773 quae
713 3682 808 3771 longe
824 3682 963 3773 plurima
979 3683 1094 3748 damna

268 3787 416 3852 Humano
428 3787 582 3878 importat
595 3788 716 3878 generi,
734 3788 932 3878 bellumque,
948 3790 1140 3878 famemque.

180 4048 324 4116 εὐρυάγυια,
337 4067 352 4101 a
364 4051 502 4118 glossatoris
510 4062 554 4102 aut
566 4052 661 4103 librarii
675 4069 726 4103 ma·
792 4055 849 4103 225.
866 4053 905 4102 An
914 4051 1000 4102 melius
1008 4052 1160 4119 φαρμακέας,
1168 4048 1240 4100 metri
1249 4065 1303 4098 cau·

181 4128 245 4188 nu):
260 4143 305 4177 nos
314 4142 378 4178 corr.
392 4127 514 4186 eGenesi,
532 4144 586 4195 cap.
599 4134 638 4188 ll,
650 4145 673 4177 v.
683 4133 724 4179 at.
758 4145 793 4187 sa,
806 4138 957 4194 proponente
964 4126 1099 4191 Dausqueio
1111 4125 1137 4174 in
1149 4123 1242 4175 schedis
1253 4138 1304 4173 ma·

216 4201 273 4251 219.
292 4201 368 4254 Cadd.
382 4204 481 4269 quidam
496 4197 563 4260 ὲξῶν
573 4205 613 4263 δή,
628 4203 729 4253 aliiuo·
758 4203 905 4270 suscriptis?
921 4202 967 4252 Sed
983 4203 1110 4268 φαρμαιοί
1127 4200 1216 4265 legitur
1229 4198 1304 4249 etiam

183 4271 514 4344 hiscumltlcaotziucera
523 4279 728 4344 lectionemque
760 4278 792 4342 ll,
811 4282 870 4337 284,
887 4295 932 4328 nec
955 4277 1034 4327 media
1052 4277 1171 4344 producta
1188 4273 1304 4342 exemplis

183 4348 237 4400 ideo
244 4352 306 4402 nibil
313 4362 368 4404 tuto
374 4355 478 4405 deducas
485 4357 516 4405 ad
525 4355 671 4421 arguendam
678 4353 729 4404 ori·
760 4364 827 4404 caret
843 4371 849 4404 :
866 4354 921 4404 ride
932 4356 961 4406 Η.
971 4352 1058 4420 Stepb.
1069 4352 1122 4403 Par.

184 4424 264 4491 §nem
280 4428 389 4496 Sibyllae.
404 4430 451 4482 Sed
469 4431 591 4481 notandus
611 4440 678 4481 totus
691 4429 733 4480 hic
798 4433 857 4482 2³5.
876 4430 953 4480 Codd.
967 4431 1044 4493 rqu’,
1060 4427 1102 4477 ubi
1116 4443 1182 4477 noae
1194 4427 1257 4493 conj.
1269 4442 1307 4476 sa·

185 4500 253 4552 lotus
267 4503 298 4554 de
314 4505 454 4557 ludaeorum
469 4506 588 4564 moribus.
612 4516 637 4556 et
654 4505 735 4556 conle-
765 4504 796 4554 tis
813 4515 879 4556 certa
896 4507 947 4563 τοῖς
960 4503 993 4569 γ’.
1012 4505 1046 4554 De
1064 4520 1144 4563 sensu,
1163 4502 1204 4570 qui
1222 4511 1307 4570 aperte

186 4578 276 4629 maus
290 4595 348 4632 cum
360 4581 433 4634 bart.
447 4598 471 4635 c.
489 4586 529 4642 ts,
541 4599 566 4634 r.
588 4585 627 4640 1⁰.
643 4597 696 4648 sqq.
768 4580 938 4648 l'bocylideus
953 4581 998 4632 clr.
1013 4581 1046 4640 ll,
1059 4585 1114 4631 tlt.
