3186 5310
404 375 443 434 26
729 369 992 434 ΣΙΒΥΔΔῙΑΚΩΝ
1013 369 1142 433 ΛΟΓΟΣ
1163 372 1199 432 Α.

567 519 657 586 Τοῖσι
676 508 712 585 δέ
725 515 777 586 καὶ
791 520 959 606 μετέπειτα
976 519 1056 598 Θεὸς
1075 512 1208 611 ἐφετμὰς
1230 516 1408 611 ἀγορεύσας,

513 618 612 704 Δεῖξον
630 635 686 693 τοῦ
704 615 831 716 δένδρου
847 627 889 716 μῆ
903 621 1041 716 ψαύσειν.
1060 625 1140 704 Τοὺς
1156 616 1192 691 δέ
1208 625 1280 713 μαλ’
1300 622 1379 702 αἰνὸς

444 744 488 820 ήο
515 722 721 812 Εξαπάτησεν
739 732 806 826 όφις
822 723 945 818 δολίως,
961 733 1010 803 ἐπὶ
1027 741 1135 825 μοῖραν
1151 729 1292 801 ἀπελθεῖν

513 842 578 909 Τοῦ
597 839 744 925 θανείτου,
758 839 868 935 γνῶσίν
883 866 917 908 τε
935 836 1040 908 λαόεῖν
1060 840 1176 933 ἀγαθοῦ
1192 865 1226 906 τε
1240 847 1336 907 κακοῦ
1353 863 1401 907 τε.

513 938 604 1015 Ᾱλλάι
622 951 696 1042 γωνῆ
715 950 823 1037 πρώτη
844 939 990 1040 προδότις
1009 933 1087 1043 [τις]
1105 947 1198 1042 γίνετ’
1215 948 1328 1034 ἐκείνῳ,

515 1032 544 1120 θ]
559 1044 668 1144 δῶκεν,
684 1062 795 1123 τοῦτον
810 1046 841 1121 δ’
859 1046 943 1130 ἀδαῆ
962 1056 1115 1123 πείθεσκεν
1129 1055 1289 1146 ἁμαρτεῖν.

514 1137 559 1241 ὸς
574 1153 610 1230 δέ
623 1163 762 1258 γυναικὸς
779 1163 884 1230 ἔπεσσι
904 1163 1116 1256 πεπεισμένος,
1131 1155 1323 1241 ἐξελάθεσκεν

434 1272 476 1355 45
515 1258 677 1338 Ᾱθανείτου
693 1257 834 1356 κτίστου,
849 1270 968 1361 σαρέων
984 1261 1015 1336 δ’
1032 1270 1183 1363 ἀμελησεν
1201 1273 1353 1361 ἐρετμῶν.

513 1377 660 1446 Τούνεκεν
675 1377 741 1444 ἀντ’
755 1377 882 1472 ἀγαθοῖο
893 1371 991 1445 λείόον
1007 1379 1114 1463 κακὸν,
1129 1373 1191 1445 οίον
1207 1369 1353 1469 ἔπραξαν.

512 1484 576 1555 Καὶ
591 1486 664 1552 τότε
681 1474 722 1558 δὴ
736 1489 883 1578 γλυκερῆς
901 1494 994 1563 συκῆς
1009 1486 1116 1554 πέταλ’
1134 1482 1341 1576 ἀμπείραντες,

512 1576 657 1670 Εσθῆτας
678 1585 852 1680 τεύξειντες,
867 1593 916 1658 ἐπ’
930 1592 1107 1681 ἀλλήλοισιν
1125 1592 1248 1676 ἔθηκαν,

513 1688 626 1775 Μήδεεί
638 1702 666 1763 τ’
680 1695 917 1792 ἀμφεκαλυψαν,
929 1697 993 1767 ἐπεὶ
1010 1698 1109 1793 σφίσιν
1124 1699 1187 1773 ῆϊεν
1202 1688 1309 1776 αἰδώς.

446 1806 488 1873 50
515 1807 621 1873 Τοῖσιν
637 1796 667 1871 δ’
686 1803 836 1885 ἀθάνατος
854 1805 946 1874 κότον
961 1805 1075 1891 ἔνθετο,
1094 1799 1247 1873 κάκόαλεν
1264 1796 1322 1882 ἐξω

517 1901 678 1981 Ᾱθανάτου
694 1915 806 2004 χώρου.
826 1903 910 1981 Τόδε
926 1909 985 2008 γὰρ
1004 1915 1220 2006 τετελεσμένον
1233 1907 1283 1985 ἦεν

513 2021 644 2097 Θνετοῒς
661 2020 691 2086 ἐν
705 2021 793 2113 χώρερ
812 2027 921 2114 μεῖναι,
942 2020 1006 2089 ἐπεὶ
1025 2023 1078 2088 οὐκ
1096 2012 1247 2112 ἐφύλαξαν

413 2185 417 2194 .
515 2116 674 2196 Ᾰθανείτου
698 2126 843 2221 μεγαλοιε
861 2129 943 2196 Θεοῦ
958 2127 1051 2222 λόγον
1071 2123 1222 2206 ἀΐσειντες.

514 2234 555 2301 oi
571 2226 598 2302 δ’
612 2231 693 2329 ἀραρ
708 2228 879 2315 ἐξελθόντες
897 2237 948 2304 ἐπὶ
966 2226 1108 2324 ζείδωρον
1127 2230 1270 2328 ἀρουραν,

445 2343 485 2410 55
515 2341 648 2434 Δείκρυσι
662 2343 715 2409 καὶ
733 2350 899 2434 στοναχαῖς
918 2333 1067 2410 δεύοντο·
1089 2341 1197 2410 ἔπειτα
1213 2331 1248 2408 δέ
1262 2348 1360 2411 τοῖσιν

515 2437 675 2526 Ᾰθείνατες
688 2448 765 2528 Θεὸς
784 2449 877 2526 αὐτὸς
894 2450 965 2527 ἐπες
982 2450 1223 2541 προφερέστερον
1244 2443 1339 2534 εἶπεν,

568 2547 713 2641 Αύξεσθε,
730 2553 919 2643 πληθύνεσθ,
940 2547 1091 2650 ἐργάζεσθ
1108 2555 1159 2623 ἐπὶ
1174 2555 1263 2648 γαίης

514 2649 683 2754 Εντέχνως,
699 2662 736 2726 ἵν’
752 2662 844 2753 ἔχητε
859 2671 973 2754 τροφῆς
988 2660 1078 2749 κόρον
1094 2651 1269 2755 ίδρόιοντες.

567 2753 613 2847 dc
627 2764 726 2858 φάτο·
743 2777 799 2846 τῆς
816 2759 845 2834 δ’
858 2768 979 2847 ἀπάτης
995 2768 1048 2836 τθν
1065 2767 1205 2836 ἐπαίτιον
1224 2773 1399 2864 ἐρπυστῆρει

443 2877 488 2942 60
515 2866 622 2948 Νηδύϊ
634 2873 686 2942 καὶ
701 2880 821 2941 κενεῶνι
838 2877 991 2951 ποιήσατο
1012 2882 1102 2968 γαῖαν
1123 2865 1258 2970 ἐρείδειν,

514 2985 636 3075 Πικριῦς
654 2975 817 3060 ἐξελάσας·
838 2973 938 3056 δεινὴν
956 2973 986 3048 δ’
1006 2979 1115 3074 ἐχθραν
1130 2978 1280 3074 προΐαψεν

515 3074 556 3156 dv
576 3089 659 3181 μέσῳ
678 3089 841 3164 αλλήλων·
858 3088 910 3156 καὶ
926 3093 943 3156 θ
959 3091 1011 3182 μέν
1026 3092 1159 3181 κεφαλήν
1170 3090 1381 3181 προρυλάσσει

513 3191 635 3282 Σώζεεν,
652 3193 683 3275 θς
699 3186 735 3263 δέ
749 3195 893 3290 πτέρναν,
911 3195 975 3262 ἐπεὶ
992 3193 1124 3273 θείνατός
1137 3222 1172 3290 γε
1190 3195 1322 3291 πείρεστι

516 3301 650 3376 Πλησίον
665 3301 830 3395 ἀνθρώπων
845 3303 897 3369 καὶ
913 3297 1041 3370 ίούόλων
1060 3296 1271 3371 κακοθούλων.

440 3413 483 3479 65
565 3409 629 3479 Καὶ
646 3409 720 3478 τότε
739 3400 777 3482 δὴ
792 3411 877 3500 γενεή
898 3410 1081 3493 πληθύνετο,
1100 3414 1139 3486 ὡς
1161 3411 1314 3478 ἐκέλευσεν

516 3516 618 3594 Αὐτὸς
632 3520 649 3582 θ
664 3515 907 3610 Παντοκράτωρ,
921 3517 972 3581 καὶ
988 3508 1112 3591 αύξανεν
1128 3513 1222 3596 ἀλλος
1236 3518 1286 3585 ἐπ’
1305 3514 1390 3605 εἳλλιρ

514 3624 596 3701 Λαὸς
615 3623 795 3715 ἀπειρέσιος.
817 3621 928 3699 Οίκους
943 3613 977 3687 δέ
994 3622 1047 3713 μὲν
1062 3615 1231 3698 ἐξήσκησεν

515 3729 698 3813 Παντοίους,
716 3721 767 3803 ἡδ’
784 3724 858 3796 αὖτε
874 3731 977 3804 πόλεις
995 3726 1046 3794 καὶ
1066 3727 1157 3820 τείχε’
1175 3728 1294 3795 ἐποίουν

512 3835 556 3907 Εὖ
576 3835 627 3904 καὶ
644 3836 869 3927 ἐπισταμένως.
895 3830 967 3900 Οίσι
984 3837 1185 3925 πολυχρόνιον
1200 3831 1284 3929 ἦμαρ

442 3970 484 4037 7⁰
513 3929 640 4014 ίδπεισεν
657 3941 696 4022 είς
711 3934 790 4023 ζωὴν
806 3945 1018 4034 πολυήρατον·
1038 3943 1073 4009 ού
1088 3937 1146 4036 γὰρ
1162 3941 1258 4021 ἀνίαις

402 4145 437 4158 -
459 4122 500 4178 65,
523 4133 576 4186 sqq.
599 4117 681 4168 Prima
701 4115 830 4167 hominum
847 4114 972 4182 generatio
986 4114 1071 4182 [quam
1089 4113 1246 4166 Sethidnrum
1266 4131 1354 4169 vocuo
1378 4115 1472 4184 pouiq,
1493 4144 1526 4157 ..

436 4256 478 4313 40,
493 4269 529 4321 ιφ.
542 4252 579 4304 Ex
587 4253 651 4304 libro
664 4252 727 4312 vlu,
743 4257 803 4315 261,
818 4269 856 4320 sq.
1015 4255 1056 4303 44.
1076 4252 1115 4302 An
1133 4253 1219 4304 melius
1236 4270 1293 4306 eum
1309 4253 1462 4306 Volkmmno
1479 4255 1527 4323 ἀμ·

434 4333 476 4382 42.
493 4329 570 4382 Codd.
591 4348 627 4388 τις
645 4347 695 4381 non
715 4330 807 4382 habent
825 4348 830 4380 :
854 4328 948 4380 addidit
980 4328 1118 4395 πείροντες,
1130 4345 1161 4379 εει
1172 4329 1287 4395 Homero,
1302 4332 1328 4398 β,
1342 4332 1409 4383 42θέ

399 4403 464 4455 Cast.
482 4419 496 4454 e
516 4405 580 4469 conj.
600 4404 648 4455 Sed
659 4420 691 4454 ιο
706 4406 792 4456 melius
808 4423 861 4463 τως
873 4418 948 4471 quam
1014 4407 1054 4455 50.
1075 4403 1151 4454 Godd.
1163 4405 1233 4457 ἔθετο
1246 4425 1251 4457 :
1263 4422 1308 4458 οοι
1320 4422 1385 4457 οοιτ.

398 4497 434 4538 τις
447 4476 596 4530 ιάόεεεευεθ
1015 4481 1054 4530 θθ.
1073 4477 1112 4529 dn
1133 4482 1287 4542 είσεείσαντες
1308 4480 1435 4548 legendum
1454 4482 1527 4535 metri

911 4884 1120 5000 A
