3186 5310
353 1023 1251 1204 SIBYLLINORUM

502 1459 1098 1586 ORACULORUM

606 1863 757 1945 LIBER
784 1861 987 1946 PRIMUS.

327 2417 485 2508 Incipiens
497 2417 603 2509 primo
617 2419 741 2510 generis
754 2419 898 2485 mortalis
913 2421 955 2486 ab
970 2443 1038 2485 nevo

325 2522 440 2614 Stirpis
454 2525 494 2591 ad
509 2541 659 2591 extremae
673 2525 831 2592 deducam
847 2525 970 2614 singula
985 2542 1124 2614 tempus,

325 2630 405 2712 Quae
418 2629 537 2697 fuerint
554 2631 644 2718 olim,
657 2655 728 2723 quae
742 2631 816 2719 sint,
837 2656 907 2722 quoe
918 2631 1033 2697 deinde
1047 2648 1200 2721 parentur

324 2737 375 2802 Ob
391 2740 493 2806 scelus
504 2740 692 2807 humanum.
754 2739 868 2806 Mundi
883 2764 934 2806 me
949 2740 1078 2805 exordia
1090 2738 1230 2830 primum

195 2890 198 2898 ·
281 2845 298 2910 5
323 2845 397 2912 Fert
415 2846 540 2937 aperire
551 2848 660 2937 Deus3
677 2870 775 2938 quem
787 2863 821 2913 tu
835 2869 986 2913 venerare
997 2863 1174 2938 potentem,

322 2954 369 3017 Ao
382 2975 466 3035 mea,
480 2953 637 3040 mortalis,
653 2977 719 3019 non
733 2971 876 3020 temnere
890 2953 975 3020 diota
991 2971 1153 3020 memento
1170 2976 1178 3018 ε

322 3058 473 3127 AEternus
490 3077 610 3143 rector,
627 3078 731 3127 totum
745 3061 799 3152 qui
813 3061 958 3127 condidit
973 3062 1100 3146 orbem,

323 3163 375 3230 Sic
390 3164 472 3230 fatus
487 3194 495 3232 ε
512 3166 600 3245 Fiat;
615 3166 710 3233 simul
726 3185 759 3232 et
773 3167 843 3236 fuit.
862 3167 948 3258 Ergo
965 3165 1085 3232 locavit

232 3371 281 3411 tem
293 3370 318 3412 et
332 3361 359 3411 in
372 3376 447 3411 unam
460 3362 547 3413 seriem
558 3364 651 3415 redacti
664 3363 830 3432 compilatoris
846 3379 938 3425 manu,
953 3363 1017 3413 deut
1030 3370 1150 3413 testantur
1165 3370 1190 3413 et
1204 3361 1255 3429 ipsa
1268 3360 1357 3412 Prusa·

232 3443 267 3495 tio
286 3454 311 3495 et
331 3444 487 3496 transitiones
505 3447 616 3513 quedam
634 3462 705 3514 prosa
724 3447 834 3499 oratione
848 3447 952 3514 scripte,
976 3461 1031 3514 qun
1051 3444 1129 3497 textui
1152 3444 1249 3513 poetico
1269 3444 1356 3513 passim

232 3529 373 3597 interjectae,
389 3530 488 3581 anobis
501 3532 587 3600 primis
600 3549 645 3583 sno
657 3549 759 3600 queque
773 3534 826 3584 loeo
840 3532 957 3584 restitute
971 3527 1038 3584 sunt.'
1052 3531 1137 3600 ltaque
1152 3530 1225 3582 modo
1239 3531 1357 3591 mutilati,

231 3616 304 3665 modo
318 3615 547 3683 interpolationibus
561 3617 637 3679 aucti,
650 3628 721 3668 caute
737 3618 869 3668 admodum
882 3626 939 3669 sunt
953 3617 1057 3684 legendi.
1071 3616 1148 3683 iiujus
1162 3615 1260 3683 quidem
1278 3615 1357 3688 primp

231 3715 297 3767 pars,
322 3703 407 3762 1-323,
428 3701 525 3752 ridetur
537 3701 569 3752 ab
589 3718 637 3752 nnn
652 3703 769 3769 prodiisse
781 3719 865 3763 manu,
878 3718 968 3769 paucas
984 3701 1174 3752 adulterationes
1196 3716 1279 3767 passs3
1303 3717 1357 3766 quse

231 3795 376 3851 sequnntur,
392 3785 518 3836 ediversis
532 3786 601 3837 libris
619 3802 647 3837 ac
665 3787 823 3855 presertime
839 3787 936 3838 laciniis
948 3786 1006 3838 libri
1021 3785 1085 3845 vlu,
1101 3785 1156 3851 52,
1171 3794 1272 3835 consuta
1289 3794 1355 3838 sunt.

233 3867 323 3919 Confer
335 3869 394 3922 Exn.
406 3879 482 3920 nostr.
496 3869 525 3930 V,
538 3887 609 3938 capp.
625 3875 655 3924 10
669 3880 694 3922 et
710 3874 756 3933 123
772 3872 830 3922 item
842 3870 869 3921 in
882 3870 931 3922 hoc
950 3871 1004 3940 ipso
1017 3869 1139 3922 volumine
1151 3868 1245 3918 Introd.
1259 3869 1289 3919 ad
1301 3868 1354 3920 sib.

235 3981 267 3991 -·
285 3957 308 4014 l,
324 3970 377 4023 sqq.
394 3954 528 4006 Exordium
542 3955 668 4021 [auctoris‚
681 3955 830 4017 utividetur‚
842 3956 1005 4024 primarii].-
1017 3961 1042 4015 8,
1053 3969 1108 4021 sqq.
1122 3952 1206 4006 Mundi
1221 3952 1356 4006 creatio.-

232 4134 317 4201 τόμῳ,
333 4135 375 4185 ubi
393 4136 441 4186 alia
454 4136 483 4187 ie
501 4135 546 4186 τοῦ
562 4137 679 4204 δευτέρου
692 4139 778 4203 λόγου,
846 4143 870 4191 3.
888 4138 964 4189 Codd.
980 4138 1050 4190 πόσα
1061 4137 1082 4188 δ’
1095 4137 1178 4198 ἔσοιτ’,
1189 4137 1353 4188 tutionem:

232 4212 290 4277 quin
305 4221 330 4262 et
341 4211 389 4263 elin
400 4212 472 4262 ambo
484 4211 568 4262 titulos
582 4213 710 4266 retinuere.
810 4231 875 4266 corr.
890 4213 947 4282 Ope.

268 4290 291 4336 1.
310 4285 364 4337 Jsm
387 4302 402 4337 a
423 4287 545 4353 principio
568 4287 629 4338 illud
652 4289 776 4356 ἀρχομένη
843 4293 868 4340 6.
888 4286 1074 4350 ctr.111‚tlt.

233 4369 313 4411 vatem
325 4361 440 4412 feminam
453 4362 555 4427 ideoque
572 4363 690 4431 Sibyllam
701 4365 777 4415 deno·
844 4367 869 4415 8.
888 4362 992 4414 Videtur
1003 4361 1053 4413 hue
1067 4362 1188 4431 respicere
1206 4357 1359 4428 pseudo-Lu·

232 4443 276 4486 tat.
301 4435 336 4486 De
347 4438 538 4502 generationum,
553 4454 612 4505 quas
629 4438 671 4491 hic
690 4440 775 4506 tangit,
810 4439 894 4491 cianus
914 4440 942 4491 in
952 4439 1133 4508 Philopatride,
1154 4455 1179 4506 p.
1195 4440 1244 4490 25⁰
1258 4444 1284 4488 ct
1297 4437 1356 4499 tte,

231 4513 404 4578 supputatione
419 4512 474 4563 ride
487 4521 539 4564 not.
551 4513 582 4564 ad
597 4512 622 4564 h.
636 4516 653 4565 1.
811 4513 851 4564 ed.
860 4513 914 4580 Rip.
