3186 5310
470 429 758 492 sternumenta
779 428 849 490 un.
870 427 923 504 ut,
945 423 965 506 ς
984 430 1020 488 a.⁴

270 563 472 654 Progeniem,
486 563 573 652 quod
587 563 682 652 longe
698 585 809 626 omnes
821 560 937 625 virtute
949 558 1109 650 praeirent.

269 672 348 736 Tres
362 669 407 735 illi
423 687 513 735 terroe
527 669 629 735 sortiti
645 669 765 735 foedere
779 684 898 760 partes,

187 778 246 845 115
271 779 415 867 Quisque
429 802 518 843 suam
532 779 687 868 regnabat
704 778 839 858 habens,
856 762 1029 841 certamine
1043 772 1142 840 nullo.

271 887 456 951 Obtestatus
471 885 556 949 enim
572 884 698 974 genitor
711 883 861 950 diviserat
874 883 971 972 aequis

270 992 413 1058 Finibus.
435 995 478 1058 At
496 1010 666 1083 postquam
684 992 774 1058 senio
791 989 955 1056 conlectus
972 989 1085 1071 obivit,

271 1102 355 1165 Tum
367 1100 432 1165 nati
446 1101 648 1166 immemores
661 1099 734 1165 fidei
742 1101 848 1186 jurata
861 1098 1027 1163 resolvunt

270 1209 401 1274 Foedera
420 1237 427 1274 ι
441 1208 504 1273 fert
517 1208 639 1273 animus
651 1206 766 1298 cupide
778 1224 913 1288 certare,
928 1205 998 1295 quis
1010 1204 1094 1270 inter

187 1339 248 1380 120
270 1316 424 1381 Mortales
439 1314 528 1405 regni
542 1316 628 1381 solus
641 1331 807 1406 poteretur
820 1315 956 1378 honore.

271 1426 312 1488 Et
321 1427 387 1510 jam
403 1428 566 1506 Saturnus,
577 1425 643 1508 jam
656 1424 750 1488 Titan
765 1445 853 1486 arma
867 1421 1033 1497 ferebant;

273 1530 335 1595 Sed
354 1531 444 1594 Rhea
466 1554 536 1594 cum
558 1530 697 1611 Tellure,
715 1529 823 1594 Venus
840 1552 969 1618 quoque
984 1527 1054 1592 laeta
1073 1526 1213 1608 coronis,

273 1639 381 1718 Vesta,
401 1640 508 1719 Ceres,
528 1638 734 1726 humerisque
753 1659 861 1701 comas
881 1635 982 1700 effusa
1001 1636 1117 1718 Dione,

272 1747 394 1810 Rursus
413 1744 556 1809 amicitiae
572 1744 743 1808 vinxerunt
765 1743 884 1808 foedere
904 1765 1008 1832 reges,

189 1851 248 1916 125
274 1854 314 1916 Et
330 1875 442 1939 regum
460 1851 587 1933 fratres,
602 1850 920 1940 consanguineosque
939 1849 1150 1940 propinquos,

273 1960 314 2023 Et
338 1958 530 2048 quicumque
549 1982 649 2047 genus
668 1958 766 2046 regali
786 1981 803 2021 a
827 1957 925 2046 stirpe
942 1957 1124 2022 trahebant.

273 2068 445 2131 Saturnum
459 2065 578 2155 placuit
591 2089 700 2131 rerum
714 2087 901 2153 praeponere
914 2088 1045 2128 summae
1060 2092 1068 2128 ι

271 2172 435 2238 Fratribus
448 2172 501 2236 ille
516 2172 646 2261 quidem
660 2172 763 2235 forma
779 2171 951 2258 praestabat
965 2187 997 2234 et
1011 2194 1090 2235 aevo.

272 2282 378 2363 Quem
398 2278 521 2367 magnis
535 2279 631 2343 Titan
646 2278 752 2342 verbis
770 2280 878 2363 jurare
899 2277 1016 2365 coegit,

189 2387 249 2452 130
273 2387 415 2452 Mascula
428 2411 468 2450 ne
482 2386 604 2451 sobolis
617 2386 753 2450 nutriret
766 2384 914 2474 pignora,
930 2401 967 2448 ut
982 2384 1049 2474 ipse

273 2494 408 2559 Debitus
423 2492 579 2557 exstincto
592 2491 682 2556 fratri
696 2491 882 2556 succederet
899 2491 1003 2555 heres.

272 2603 357 2689 Ergo
375 2618 502 2665 uterum
519 2615 611 2689 partu
633 2599 758 2686 quoties
773 2598 861 2663 Rhea
876 2597 1024 2679 solveret,
1044 2596 1147 2662 omnis

175 2709 182 2720 '
273 2707 423 2772 Titanum
437 2708 504 2771 fera
518 2730 595 2794 gens
608 2706 728 2783 aderat,
743 2704 923 2793 discerpere
937 2707 1020 2769 fetus

271 2816 363 2880 Certa
376 2837 498 2892 mares3
515 2830 547 2878 at
562 2812 716 2878 femineos
732 2811 878 2876 servabat
890 2810 1033 2878 alendos.

189 2922 247 2988 135
271 2924 299 2986 Τ
300 2921 398 2986 ertius
417 2939 453 2985 ut
470 2938 580 3009 partus
599 2921 759 2985 lunonem
773 2920 857 2983 forte
875 2918 1016 3007 priorem

272 3028 436 3108 Ediderat‚
454 3026 517 3091 laeti
531 3050 587 3091 sua
600 3026 734 3115 quisque
748 3026 874 3089 intecta
885 3042 1048 3090 revertunt

271 3136 413 3201 Titanes.
432 3133 598 3198 Sedenim
613 3132 683 3198 nisu
701 3134 809 3221 regina
826 3130 967 3196 secundo

272 3244 385 3307 Fctum
401 3240 492 3305 enixa
511 3263 645 3322 marem,
663 3238 758 3321 clam,
777 3262 836 3302 nec
853 3260 953 3314 mora,
970 3237 1056 3302 misit
1072 3238 1222 3304 alendum

272 3349 309 3411 In
322 3346 507 3436 Phrygiam,
526 3370 590 3433 quo
604 3348 727 3432 juratos
747 3345 874 3409 tresire
886 3343 1049 3410 ministros

188 3460 248 3536 140
272 3458 353 3519 Cum
369 3476 471 3544 puero
483 3452 577 3538 jussit
593 3479 601 3517 ι
616 3451 767 3517 dixerunt
782 3451 857 3515 hinc
872 3451 923 3510 Δία
939 3453 1042 3518 Greci

271 3561 476 3627 Translatum
494 3559 661 3624 infantem.
681 3558 780 3623 Simili
793 3583 869 3623 mox
885 3560 1012 3624 sustulit
1026 3579 1095 3626 arte

271 3670 478 3759 Neptunum3
497 3666 592 3732 simili
610 3667 800 3744 Plutonem,
811 3666 922 3731 tertius
938 3691 1031 3733 auras

272 3776 335 3861 Qui
352 3775 442 3855 vidit,
461 3774 616 3864 spatiante
634 3773 710 3838 olim
724 3774 876 3861 genitrice
890 3776 949 3840 sub
964 3775 1027 3840 alta

270 3884 408 3949 Dodona
420 3899 452 3947 et
463 3883 594 3948 latebris
612 3881 784 3967 umbrosis,
801 3879 940 3947 fluminis
955 3882 1040 3947 unde

176 4187 179 4191 ·
216 4173 272 4221 tat.
291 4168 489 4236 Meliusa'rpoeva,
504 4178 625 4237 utsupra,
640 4172 696 4222 130.
754 4167 810 4218 dean
821 4183 892 4218 versu
911 4167 949 4220 bis
965 4174 1091 4222 recurrere
1110 4176 1133 4224 ot
1152 4173 1301 4238 expletivum

217 4249 273 4296 tat,
293 4246 361 4297 beot
373 4247 461 4313 explet.
473 4244 556 4295 confer
570 4261 652 4312 supra,
666 4247 721 4296 113.
756 4258 829 4311 cupra
840 4256 1001 4296 monstratum
1012 4248 1043 4297 ad
1051 4264 1074 4297 r.
1094 4252 1149 4308 113,
1160 4265 1204 4299 neo
1218 4259 1301 4316 postea

214 4324 270 4373 tte.
294 4321 357 4371 Olim
375 4337 419 4371 nos
433 4338 488 4371 cum
508 4321 571 4388 vulg.
589 4321 724 4396 λαθρηῖδὶῃ,
756 4321 1050 4373 animadvertendumlle
1063 4323 1305 4392 absurdoetymodl'

179 4397 260 4447 male:
279 4414 336 4447 uam
345 4398 416 4447 codd.
429 4397 488 4447 boni
505 4413 586 4447 veram
597 4395 726 4447 lectionem
757 4411 787 4445 ex
796 4397 835 4446 διά
849 4398 960 4449 trahente
969 4398 1033 4449 nibil
1046 4399 1221 4450 cavillabimur.

180 4472 308 4531 dederunt,
323 4490 376 4539 que
395 4482 419 4523 et
436 4472 534 4523 Struvic
546 4472 649 4541 probata
662 4481 707 4522 est.
793 4475 849 4523 tlt.
867 4475 1056 4535 Aofidmr,non
1067 4476 1299 4543 Epiroticamdllam,

219 4550 275 4600 ltl.
287 4548 326 4600 An
340 4549 549 4601 demittendum?
564 4547 627 4600 Nota
646 4545 672 4598 in
685 4562 726 4599 eo-
757 4547 979 4611 sed'l'bessalicam,
990 4551 1227 4620 habetflom.,11.p,
1242 4555 1300 4605 tto.
