3186 5310
678 443 730 503 AD
751 440 893 504 LIBRUM
916 444 979 505 xil.
1337 436 1395 500 385

264 572 419 623 commissum
434 592 484 624 non
497 576 584 627 furerat.
599 577 646 626 Sed
660 593 714 642 que
727 577 757 626 de
768 576 818 626 llo-
849 577 961 642 turpius,
983 579 1041 643 quia
1061 588 1116 644 post
1135 588 1258 630 eventum.
1283 574 1398 625 Ceterum

264 646 342 696 mauis
349 648 537 715 imperatoribus
544 654 569 702 in
582 653 620 702 his
634 653 725 702 ultimis
739 652 816 716 libris,
848 653 878 701 de
893 653 939 702 hoc
953 653 1064 720 principe
1074 655 1188 721 loquetur
1197 656 1286 705 ilerum
1299 650 1396 710 Noster,

262 723 368 773 maxime
382 725 424 775 llll
444 737 469 778 et
488 728 557 787 xlii,
570 728 628 779 lalsa
644 730 720 779 multa
738 730 816 794 pluri·
847 744 876 777 ac
886 730 915 778 dc
930 732 1015 780 rnorlis
1029 740 1138 796 tempore
1149 741 1173 781 et
1187 730 1259 781 modo
1271 724 1396 777 contradi·

262 796 307 847 bus
332 800 395 849 veris
413 801 488 852 mixta
505 805 646 863 tradentur,
666 803 706 853 ubi
730 820 816 870 perse
847 819 901 853 cere
921 805 967 854 sibi
987 806 1110 856 videbitur
1132 804 1212 865 inlra,
1239 807 1302 865 182,
1323 816 1394 867 ηφ,

262 874 389 926 manifesta
402 877 558 941 videbuntur,
570 890 655 930 notare
666 880 813 931 omittemus.
846 877 893 928 hoe
909 880 982 930 eliam
997 898 1110 947 peccans,
1124 882 1191 946 quod
1206 880 1277 930 istam
1290 885 1394 929 mortem

263 948 815 1020 Goulerathtecquivolueritcumhistorialum
846 954 962 1007 Parthico
979 956 1044 1007 bello
1058 959 1165 1023 priorem
1184 956 1271 1018 faciet,
1287 971 1353 1013 non,
1367 961 1397 1002 ut

262 1025 415 1085 testimoniis.
428 1038 452 1079 et
463 1030 541 1096 prima
553 1031 652 1096 quidem
661 1031 716 1080 libri
724 1030 767 1080 llll
775 1047 814 1080 us·
846 1030 966 1094 historic,
978 1035 1050 1100 paulo
1063 1033 1229 1100 posteriorem.
1240 1033 1275 1082 Ne
1287 1030 1342 1096 quis
1350 1045 1395 1079 au-

262 1102 347 1164 quead
359 1102 496 1154 Antoninos
509 1123 564 1155 cum
578 1107 653 1156 initiis
661 1107 716 1156 iilni
724 1108 812 1173 quinti,
847 1116 896 1155 tem
907 1119 1046 1160 succenseat
1056 1120 1097 1159 aut
1111 1110 1215 1159 miretur
1228 1107 1294 1174 quod
1305 1105 1334 1155 L.
1346 1103 1395 1154 Ve-

263 1176 446 1244 undemagnam
459 1194 552 1246 partem
565 1182 692 1248 desumpta
703 1193 767 1233 suut.
846 1198 901 1232 rum
920 1183 953 1235 ll.
968 1185 1067 1235 Aurelio
1080 1185 1183 1235 canendi
1198 1183 1285 1234 ordine
1298 1195 1394 1248 prepo-

299 1256 340 1304 85.
361 1258 452 1313 Δισσὸς
462 1255 681 1315 ὁλοῗιοςαΙΙυάἰῑαι]
692 1260 814 1325 duplicem
846 1258 919 1308 situm
930 1261 1037 1326 reperiat
1054 1280 1058 1310 :
1076 1277 1132 1311 nam
1149 1260 1223 1310 istum
1241 1258 1353 1309 ordinem
1366 1255 1393 1305 in

264 1326 369 1379 Neronis
385 1333 552 1398 tyrannidem,
569 1351 642 1384 unam
656 1344 684 1384 ut
698 1335 813 1401 Gesseris,
846 1333 1395 1401 ritisimpemtornmdescribendisvulgoser-

259 1405 364 1456 alteram
386 1417 413 1456 ut
436 1409 596 1469 Antichristi,
620 1410 674 1460 orbi
694 1420 815 1460 terrarum
848 1419 929 1460 vatum
939 1411 1205 1463 luissetestaturlulius
1213 1410 1292 1477 Cupit.
1302 1410 1328 1458 in
1336 1406 1394 1457 Veri

261 1489 390 1549 utramque
404 1483 508 1534 fatalem.
846 1487 904 1547 vita,
924 1504 978 1553 pag.
1001 1491 1066 1548 220,
1090 1489 1130 1537 ed.
1145 1486 1218 1547 Var.;
1233 1501 1278 1535 nec
1296 1497 1393 1534 causam

298 1560 340 1622 88,
354 1575 409 1624 sqq.
418 1559 572 1626 Legeratboc
579 1560 665 1611 Noster
672 1561 702 1611 dc
712 1560 814 1611 Claudio
846 1562 922 1626 addit,
931 1563 1002 1613 lscile
1011 1572 1093 1613 tamen
1100 1560 1288 1628 adipiscendam,
1300 1575 1332 1608 ne
1345 1559 1394 1608 duo

265 1632 412 1699 imperatore
434 1637 551 1703 scriptum
567 1638 631 1687 libro
644 1636 678 1696 V,
695 1642 726 1688 26
741 1647 766 1687 et
779 1637 814 1688 ihi
845 1635 1395 1704 Veri,paterets1lius,ncreAurelinsejusque

262 1709 362 1774 quidem
382 1712 413 1761 de
431 1710 534 1761 Claudio
548 1728 621 1773 vere,
641 1713 708 1778 quod
727 1712 768 1763 hie
782 1712 813 1762 ad
845 1714 909 1764 filins
920 1714 1083 1781 Commodus,
1103 1730 1157 1764 ase
1173 1711 1280 1780 invicem
1295 1725 1393 1778 separa·

262 1785 382 1836 Neronem
391 1787 451 1837 falso
463 1788 577 1838 refertur.
844 1800 937 1841 rentur.

298 1863 356 1912 102.
375 1862 470 1913 Falsum
491 1864 551 1923 hoc,
566 1864 637 1914 nobis
657 1864 757 1930 quidem
774 1865 813 1930 jn·
881 1870 935 1926 lui,
949 1883 1001 1933 sqq.
1015 1864 1140 1916 Notandus
1155 1864 1196 1914 hic
1214 1863 1335 1930 precipue
1356 1861 1394 1912 lo·

268 1937 813 2006 dicibus,dePhoeniceprorincia,qusenihil
845 1957 888 1991 cus
915 1942 946 1991 ob
971 1941 1116 1991 miraculum
1144 1939 1245 2005 legionis
1267 1937 1393 1989 Fulmina·

269 2013 317 2062 tale
332 2013 427 2063 ridetur
441 2031 455 2064 a
472 2015 616 2080 Vespasiano
628 2031 695 2080 passa
709 2033 714 2063 :
730 2025 815 2065 contra
845 2018 913 2067 tricis
926 2017 991 2083 apud
1005 2016 1106 2066 Sanctos
1120 2016 1205 2065 Patres
1216 2031 1245 2064 ac
1265 2014 1395 2080 plerosque
1446 2075 1448 2079 Ι

267 2103 298 2136 ex
311 2105 339 2139 ea
351 2106 461 2155 magnam
475 2101 569 2156 partem
583 2091 691 2140 deducte
704 2100 759 2140 sunt
774 2106 818 2159 co<
846 2093 991 2142 christianos
1004 2091 1146 2153 historicos,
1163 2092 1193 2141 de
1212 2089 1261 2140 illis
1275 2088 1391 2155 tempori·

269 2162 316 2228 pise
328 2166 358 2214 ad
368 2165 594 2215 bellumludaicum
607 2167 740 2230 mittendae,
752 2167 815 2215 uude
846 2168 891 2217 bus
908 2177 1017 2234 agentes,
1039 2167 1263 2218 celebratissimum.
1290 2166 1339 2215 b'ec
1364 2165 1395 2216 de
1436 2222 1438 2231 Ι

269 2237 436 2306 Vespasianus,
446 2242 509 2291 libro
519 2243 549 2304 V,
563 2242 815 2307 202,Σιδόνιοςβασι-
846 2243 910 2294 lacto
930 2245 1006 2294 ullam
1027 2243 1120 2295 moveri
1141 2243 1176 2292 las
1198 2252 1235 2293 est
1253 2251 1393 2291 coutrover-

268 2316 325 2374 let<
336 2328 445 2367 vocatur.
460 2318 594 2368 Phoenicen
612 2326 692 2367 aulem
705 2333 761 2367 cum
773 2317 814 2367 Ju·
845 2321 918 2375 siam,
932 2319 999 2386 quod
1012 2318 1110 2384 quidem
1123 2318 1203 2384 palam
1217 2315 1326 2383 agnoscit
1337 2332 1394 2366 cum

268 2391 319 2442 dea
333 2393 430 2444 ridetur
443 2394 592 2444 confundere
603 2393 698 2452 Noster,
712 2393 815 2458 ideoque
846 2396 919 2445 sacris
945 2394 1101 2462 profanisque
1120 2392 1279 2459 scriptoribus
1298 2391 1396 2441 iudeus

267 2468 299 2517 ad
313 2468 389 2535 ipsam
408 2470 467 2519 lslso
485 2469 607 2535 perlrahit
621 2485 673 2534 quae
688 2468 751 2517 libro
766 2468 813 2531 lil,
847 2482 928 2521 noster
942 2489 947 2519 :
960 2470 1001 2520 sed
1015 2470 1080 2519 idem
1095 2485 1150 2519 cum
1168 2467 1306 2534 Capitolino
1317 2466 1396 2517 bisto·
1413 2520 1417 2534 ‚

268 2547 327 2610 268,
342 2562 405 2611 sqq„
419 2546 449 2596 de
462 2546 601 2596 ludaeorum
615 2545 746 2610 Babylonia
758 2560 815 2608 cap·
846 2549 911 2609 rico,
925 2547 1060 2597 Claudiano
1070 2555 1142 2612 poeta
1154 2555 1178 2595 et
1191 2543 1396 2594 Themistio'rbe-

265 2621 487 2688 tivitateproedicta
502 2622 599 2687 legerat,
612 2629 746 2670 nemutalo
760 2619 814 2685 qui·
847 2635 899 2674 tore
922 2624 1077 2690 impetratam
1099 2619 1216 2671 Romanis
1243 2619 1345 2670 salutem
1371 2628 1397 2669 et

264 2695 322 2748 dem
347 2699 449 2765 Assyriae
466 2698 531 2748 nibil
544 2698 594 2747 huc
607 2697 753 2763 pertinentis
770 2712 814 2745 no·
846 2701 944 2750 missum
957 2700 988 2748 dc
1001 2699 1059 2748 caelo
1073 2697 1302 2764 pluriaeinsperatye
1324 2694 1395 2745 auxi-

265 2773 342 2835 mine,
360 2775 433 2833 inira,
452 2779 506 2825 lui.
524 2773 552 2823 lu
571 2773 618 2823 hoc
633 2789 703 2822 versu
717 2770 815 2837 qniilsit
847 2770 1019 2826 linm‘conlert
1035 2775 1062 2823 in
1076 2775 1152 2840 ipsius
1170 2771 1265 2822 Aurelii
1278 2769 1397 2839 principis

267 2849 351 2916 Lydite
367 2867 422 2900 cum
439 2849 554 2900 Phoenice
576 2864 705 2898 commune
727 2847 816 2898 lrustra
846 2853 962 2920 pietatem
984 2861 1008 2902 et
1022 2866 1120 2918 preces,
1143 2848 1172 2899 δι’
1191 2848 1304 2907 εὺσιόίην
1326 2850 1397 2912 βασι-

266 2942 368 2993 qrraeras,
387 2927 434 2977 nisi
456 2927 544 2992 Συρίαν
559 2925 640 2991 legas,
662 2933 740 2974 metro
759 2924 817 2973 licet
846 2932 915 2990 λῆος.
934 2930 1010 2993 Αὐτῷ
1025 2929 1082 2993 γὰρ,
1096 2944 1121 2976 κ.
1142 2941 1166 2975 τ.
1186 2928 1208 2975 i.
1231 2924 1281 2974 llec
1295 2922 1398 2972 dubium

268 3003 425 3062 reclamante,
438 3002 503 3067 quod
513 3001 650 3050 suademus.
848 3005 920 3054 luisse
941 3004 1009 3053 illam
1023 3015 1178 3051 communem
1196 2998 1324 3065 gentilium
1342 3014 1397 3048 sen·

304 3081 360 3140 126,
372 3094 425 3144 sqq.
438 3075 591 3143 Stupendum
601 3091 658 3126 sane
674 3075 816 3136 Domitiani,
849 3080 961 3139 tentiam,
971 3078 1088 3141 ideoque,
1100 3084 1216 3140 regnante
1224 3073 1309 3123 saltem
1319 3074 1398 3124 Aure-

268 3153 323 3204 talis
337 3154 464 3220 principis,
476 3152 624 3203 encomium.
641 3151 699 3201 lude
710 3152 816 3216 colligas.
849 3156 896 3218 lio,
909 3154 984 3206 totius
997 3153 1058 3202 aulae
1067 3151 1190 3215 totiusque
1203 3158 1309 3207 senatus,
1325 3149 1401 3199 totius

268 3240 297 3280 ut
310 3229 369 3280 olim
380 3230 514 3287 Neronem,
529 3229 564 3277 ita
577 3228 741 3277 Domitianum
755 3244 817 3293 quo·
849 3231 954 3296 denique
967 3225 1119 3294 imperatorii
1129 3224 1235 3286 consilii,
1243 3240 1281 3282 ac,
1289 3223 1336 3272 uisi
1349 3224 1399 3274 rel·

269 3321 330 3371 que,
351 3307 443 3374 pariter
465 3305 594 3364 infamem,
615 3304 761 3353 desiderium
781 3304 817 3353 sui
849 3309 883 3357 let
895 3308 959 3355 solus
972 3303 1085 3354 omnibns
1099 3301 1251 3366 obstrepere,
1265 3300 1400 3365 imperato·

270 3381 336 3448 apnd
350 3381 475 3448 imperitos
488 3388 530 3429 aut
543 3395 629 3445 pravos
643 3378 776 3443 reliquisse.
850 3383 883 3432 ris
904 3381 986 3448 ipsius.
1007 3378 1072 3439 Quid
1089 3393 1146 3442 ergo
1167 3375 1312 3440 rescriptum
1337 3374 1400 3424 illud
1462 3417 1465 3423 .

309 3454 818 3524 136,sqq.beistaurbiumaedilicandarum
849 3458 968 3526 principis
988 3457 1052 3505 inter
1074 3452 1163 3503 lustini
1186 3450 1300 3517 martyris
1325 3465 1401 3515 opera

270 3530 820 3596 velmonumentisornandaruminsaniaque
850 3544 903 3600 posl
918 3532 1058 3598 Apologinm
1077 3529 1099 3579 ll
1113 3536 1247 3586 servatum,
1263 3536 1288 3576 et
1301 3525 1333 3575 ab
1348 3525 1401 3591 ipso

271 3626 338 3659 uunc
359 3625 433 3675 usque
453 3609 479 3658 in
498 3607 620 3674 Assyriam
632 3623 674 3657 seu
694 3607 776 3673 polius
793 3607 820 3655 in
850 3610 1011 3665 Tertulliano,
1023 3607 1090 3673 gravi
1101 3613 1210 3663 auclore,
1221 3605 1402 3653 memoratum?

272 3685 369 3752 Syriam
380 3685 511 3737 Oronteam
520 3682 719 3738 dillnnnniun,
732 3693 821 3748 etpos·
852 3687 953 3736 Necesse
970 3692 1005 3733 esi
1023 3681 1127 3732 conficta
1150 3679 1224 3728 luerit
1245 3694 1260 3727 a
1283 3676 1402 3728 Christia-

271 3772 312 3812 tea
322 3761 354 3810 ad
373 3760 486 3810 Arabiam
504 3775 580 3824 usque
592 3759 719 3824 pertendet
728 3757 819 3816 .>xlll,
852 3762 890 3811 nis
901 3760 1045 3827 quibusdam
1054 3758 1105 3807 bec
1113 3754 1214 3821 epistola
1224 3791 1230 3814 ,
1242 3753 1346 3821 viroque
1358 3753 1402 3803 ad·

273 3839 316 3896 lii,
328 3836 454 3903 sqq.,vide
463 3850 535 3900 supra
546 3843 629 3883 notata
640 3832 670 3882 ad
679 3832 747 3894 Vlll,
763 3837 821 3894 12³,
852 3838 901 3887 linc
916 3836 949 3886 ll.
966 3833 1065 3885 Aurelio
1079 3830 1165 3880 emissa
1186 3830 1212 3879 in
1225 3828 1365 3895 prouincias
1377 3838 1403 3879 et

231 3950 235 3956 ·
273 3927 326 3978 ης.
349 3913 413 3962 unde
430 3911 488 3977 ipsi!
509 3909 559 3959 sere
581 3909 658 3960 lileris
672 3910 724 3958 hoec
741 3919 822 3960 iratis·
853 3931 866 3964 a
881 3914 952 3978 vulgo
962 3909 1114 3961 credentium
1126 3916 1200 3970 atque
1209 3904 1266 3954 iude
1280 3921 1294 3954 a
1306 3903 1404 3954 Justino

171 4014 183 4039 s
227 4023 230 4030 ι
274 3988 353 4054 cripta
365 3992 432 4039 suut.
854 3990 892 4038 vel
909 3987 1060 4037 Tertulliano
1079 3981 1182 4030 fidenter
1203 3979 1276 4029 nimis
1290 3988 1401 4045 accepta.

312 4068 368 4123 ¹76,
382 4079 435 4129 sqq.
452 4061 542 4112 inune
559 4059 636 4109 Verus
655 4060 695 4109 hie
714 4061 820 4121 nniini,
854 4065 888 4114 lie
917 4064 994 4113 uisne
1021 4057 1102 4109 ennio
1131 4055 1193 4105 nihil
1218 4054 1291 4104 nini
1328 4054 1403 4112 licet,

274 4139 398 4206 trigesimo
416 4138 492 4189 lunc
512 4152 627 4194 numero,
641 4137 706 4203 τρεῖς
719 4137 824 4192 δεκάδας
854 4156 927 4206 qnnn
944 4135 1056 4188 nonnulli
1076 4142 1161 4182 testem
1172 4131 1309 4180 asininum
1327 4145 1357 4178 ex
1371 4129 1405 4178 li.

254 4217 401 4281 ’κατέχων,
426 4213 497 4263 laeile
520 4213 692 4277 agnoscendus.
721 4210 824 4261 Canitur
854 4212 989 4271 broLXll,
1005 4212 1020 4276 S
1036 4213 1119 4268 8,non
1132 4206 1180 4256 suis
1194 4214 1290 4260 umen.
1303 4205 1345 4253 sed
1361 4204 1404 4253 lli-

275 4301 358 4342 aulem
375 4300 491 4356 tanquam
510 4287 611 4337 ultimus
630 4286 724 4335 dnobus
740 4287 824 4351 primis
855 4289 943 4357 pllilini
961 4285 1065 4338 recentis
1084 4281 1252 4349 epitomatoris
1269 4279 1349 4329 serbis
1367 4280 1406 4328 lo·

276 4366 407 4417 Antoninis
414 4380 574 4422 successurus,
582 4363 723 4428 quodomen
732 4377 758 4410 re
768 4378 824 4411 con·
855 4375 979 4431 quentem.
997 4360 1097 4428 Dignior
1118 4357 1166 4406 lide
1186 4355 1317 4417 Eusebius,
1340 4344 1418 4408 liiii(

276 4441 382 4493 lutatum
402 4451 446 4491 est.
464 4440 531 4489 ldem
548 4439 611 4487 libro
621 4436 650 4496 V,
663 4437 726 4486 lnide
738 4438 824 4487 ductus
858 4440 923 4490 Eccl.
938 4439 968 4498 V,
988 4437 1002 4503 S
1018 4442 1041 4496 5,
1056 4434 1098 4501 qui
1114 4443 1195 4482 lamen
1208 4430 1328 4496 avulgata
1340 4429 1406 4496 apud

276 4518 319 4570 hic
334 4533 426 4579 versus,
443 4525 573 4584 peccatum
587 4513 680 4575 ineram
705 4513 746 4563 sed
761 4529 826 4564 nunc
858 4531 914 4567 suos
931 4513 1048 4583 opinione
1061 4508 1185 4560 discedere
1200 4522 1250 4556 non
1260 4505 1350 4573 potuit.
1371 4506 1406 4556 Ile

1245 4601 1284 4661 is
