3186 5310
497 449 775 526 sursumsunt
798 464 871 527 nis.
894 464 918 527 1.
1231 465 1270 528 aa

150 588 213 652 230
283 594 343 659 Sed
360 614 528 685 postquam
541 613 645 661 toturn
663 597 777 686 pluviis
794 600 880 663 Deus
893 598 972 666 eluit
986 602 1113 681 orbem,

240 700 321 762 Tum
338 725 413 766 rero
425 703 525 793 cupiit
540 705 627 791 (nam
642 703 687 768 sic
698 706 784 769 Deus
802 706 869 795 ipse
883 708 1050 794 monebat)

238 807 375 872 Cernere
392 810 462 875 Noe
474 810 574 890 foras,
591 834 652 876 nec
666 813 729 897 jam
743 810 869 878 fastidia
882 813 979 879 Nerei

237 913 475 1003 languimus,
494 918 570 982 tecti
582 917 719 995 loculos,
738 942 818 1007 quos
833 920 955 986 mobile
971 919 1089 1008 lignum

236 1022 371 1086 Artabat
387 1025 467 1089 mira
478 1027 607 1111 junctos
622 1048 789 1114 compage,
807 1027 949 1094 resolvit.

149 1124 211 1191 235
237 1129 319 1191 'l'um
336 1132 446 1217 procul
462 1131 650 1196 immensam
662 1131 781 1197 molem
794 1134 927 1199 miratus
940 1156 1109 1223 aquarum.

236 1235 471 1326 Olrjectumque
482 1239 543 1303 sibi
555 1255 690 1329 pontum
706 1239 846 1329 undique
856 1258 887 1305 et
907 1240 1048 1330 undique
1064 1257 1201 1308 mortona

235 1342 278 1407 Ut
293 1342 393 1422 videt,
410 1361 446 1409 ut
462 1370 577 1436 magno
593 1347 738 1436 pulsatur
752 1347 849 1412 corda
862 1347 992 1414 timore.

236 1450 360 1515 Interea
376 1475 474 1540 parvo
492 1453 587 1542 coepit
599 1453 764 1519 discedere
776 1469 893 1530 tractu,

235 1557 324 1622 Heu!
339 1557 473 1625 nimium
487 1560 582 1650 longa
600 1559 765 1626 madidum
780 1560 914 1649 caligine
929 1560 1059 1634 caelnnm

147 1666 211 1744 240
235 1663 477 1756 sanguineoque
489 1668 582 1755 polus
596 1668 732 1733 tinctum
743 1666 844 1733 livore
858 1666 974 1733 retexit

235 1772 276 1835 Et
291 1788 443 1862 tanquam
456 1774 573 1840 fessum
592 1773 669 1840 solis
685 1791 792 1866 caput.
811 1775 868 1840 Ille
885 1774 1001 1839 timore

234 1877 295 1942 Vix
313 1879 432 1970 posito,
452 1897 485 1945 et
498 1881 523 1946 si
543 1905 606 1971 qua
621 1881 714 1947 tellus
728 1881 847 1948 nudata
860 1895 998 1972 pateret,
1092 1873 1099 1880 ⁴

235 1984 321 2050 Scire
338 2010 467 2076 paraus,
484 1988 540 2053 uni
554 1987 672 2054 laxavit
686 1990 823 2055 claustra
835 1989 1014 2066 columbae3

236 2093 327 2176 Quae,
342 2112 514 2184 postquam
525 2094 644 2186 rapidis
657 2095 804 2161 lustravit
817 2095 940 2182 singula
954 2094 1082 2184 pennis,

147 2201 210 2280 245
236 2202 329 2266 Fessa
348 2201 459 2267 labore
475 2200 559 2267 redit
575 2202 799 2292 :nequeenim
814 2201 979 2266 defecerat
994 2199 1091 2281 unda,

235 2308 409 2375 Terrarum
419 2309 482 2374 late
492 2296 683 2374 immensum
696 2309 811 2376 diffusa
828 2332 887 2399 per
904 2309 1031 2374 orbem.

235 2414 314 2479 Inde
327 2416 448 2512 aliquot
461 2415 581 2481 fluxere
594 2417 673 2500 dies,
693 2439 865 2506 rursusque
877 2416 1029 2481 columba

233 2522 331 2587 Missa
343 2525 440 2607 foras,
455 2524 482 2588 si
498 2522 582 2588 forte
597 2540 706 2588 tumor
724 2546 925 2614 compressus
938 2546 1104 2613 aquarum.

233 2631 347 2695 Fertur
362 2630 426 2696 avis
439 2629 563 2696 levibus
577 2630 690 2721 pennis
701 2653 793 2720 vaga,
811 2647 967 2720 nactaque
978 2646 1095 2697 terram

146 2736 211 2798 azio
235 2738 442 2824 Humentem,
463 2737 545 2803 vires
563 2753 673 2825 optata
691 2736 766 2802 sede
784 2738 934 2827 reponit:

233 2845 313 2908 Mox
326 2845 367 2910 ad
385 2846 457 2912 Noe
472 2844 570 2924 redit,
585 2868 711 2910 ramum
728 2844 908 2910 frondentis
923 2844 1014 2910 olivae

236 2951 300 3016 Ore
316 2955 434 3039 ferens,
448 2970 541 3018 terrae
555 2954 681 3041 signum
700 2951 877 3042 pignusque
893 2967 1046 3040 receptam

233 3062 308 3142 Quo
321 3060 391 3125 viso
407 3059 525 3126 firmati
539 3083 662 3145 omnes,
684 3058 807 3124 telluris
821 3082 931 3124 amore

232 3166 411 3232 Exsultant.
429 3167 533 3232 Aliam
549 3166 687 3257 posthac
703 3165 902 3256 nigrantibus
917 3164 975 3230 alis

146 3274 209 3339 255
234 3272 348 3338 Emisit
358 3273 535 3352 volucrem,
556 3274 650 3339 celeri
667 3297 738 3362 quae
753 3273 810 3338 fisa
824 3271 945 3351 volatu,

236 3383 432 3469 lnrentoque
445 3380 527 3459 solo,
545 3380 667 3447 reditus
684 3403 809 3458 secura,
827 3377 993 3444 remansit.

232 3489 338 3553 Sensit
350 3488 462 3553 adesse
475 3487 536 3552 sibi
550 3504 663 3578 postam
673 3490 741 3573 jam
756 3488 829 3552 Noe
839 3486 1041 3577 propinquos
1055 3512 1064 3550 ς

233 3598 281 3660 Ac
293 3612 465 3687 postquam
482 3595 646 3685 paulisper
661 3595 753 3685 aquis
775 3593 910 3683 impulsa
924 3595 1045 3658 natavit

235 3703 351 3768 Divina
365 3703 442 3768 ratis
458 3719 539 3782 arte,
557 3726 666 3767 sensns
682 3702 779 3767 maris
796 3700 927 3766 humida
947 3716 1048 3787 tergm

146 3809 211 3874 260
234 3808 368 3900 Appulit
380 3809 502 3900 exiguas
519 3826 612 3875 terrae
627 3808 821 3898 tandemque
835 3806 969 3897 quievit.

277 3918 336 3982 Est
351 3941 446 3983 mons
456 3917 490 3981 in
505 3917 652 4007 Phrygiae
670 3916 771 4006 nigrae
786 3914 934 3981 felicibus
954 3913 1049 3993 arvis,

235 4023 374 4109 Ardnm,
389 4024 454 4088 alta
466 4040 591 4113 petens,
604 4025 719 4088 Ararat
736 4021 931 4111 cognomine
945 4019 1052 4085 &ctus

236 4130 329 4196 llaud
341 4131 471 4209 susan,
484 4130 574 4219 quod
589 4150 711 4197 certam
726 4130 792 4195 illic
805 4128 947 4219 reperire
966 4127 1104 4192 salutem

182 4407 408 4474 assedaei„
392 4406 694 4471 οςίξίπμᾴῑννάὑιιξ-
727 4405 865 4470 ὗςτάχος,
892 4401 1005 4452 Videas
1026 4397 1278 4466 Eponam.

148 4486 280 4548 snm.
290 4482 692 4534 nummu-ntentans.
760 4484 820 4531 2⁸⁰.
839 4478 1098 4545 Costpmpe'n:
1110 4491 1175 4524 m.
1192 4472 1251 4541 Op.

147 4557 252 4619 tui&-
227 4557 696 4629 mtrem-emmenum
763 4547 1222 4622 samqquuaemvnm
