3186 5310
564 424 851 491 sturtttuoutttt
871 425 943 489 llll.
964 422 1043 488 xttt.
1301 427 1361 489 335

327 563 412 630 Nam
423 562 510 635 Deus
523 561 594 653 ipse
606 561 767 645 homines,
782 561 865 627 mala
879 560 992 643 corda,
1008 559 1131 650 pudore
1144 575 1302 643 carentes,

327 670 492 761 Supplicio
506 669 647 752 addicet,
662 669 769 736 verbis
786 669 982 760 quicumque
997 666 1146 756 malignis

327 776 530 842 Contendent
543 799 600 842 sua
613 776 733 865 probra
747 775 859 841 alienae
874 774 1043 841 infundere
1058 773 1145 858 vitae,

327 885 438 972 Ipsum
452 885 491 948 ad
505 882 617 970 judicii
631 882 729 947 finem
744 906 877 971 peecare
891 900 1032 948 tenaces.

240 1013 304 1078 270
373 993 467 1054 Astra
485 989 615 1077 quidem
627 988 729 1053 multa
744 1005 776 1053 et
790 989 968 1054 radiantem
982 990 1053 1054 luce
1065 1004 1226 1070 cometen,

327 1095 479 1161 Instantis
495 1095 572 1160 belli
586 1094 714 1184 signum
727 1094 944 1185 horrendique
959 1095 1130 1161 tumultus.
1144 1143 1175 1162 ..

371 1205 429 1268 Ast
444 1202 500 1268 ubi
515 1200 672 1282 fatidicas,
689 1224 768 1290 quas
780 1200 882 1266 insula
897 1200 1033 1291 plurima
1048 1201 1166 1285 mittet,

326 1308 505 1378 Contulerit
519 1325 633 1391 sortes,
649 1307 837 1395 bellumque
851 1324 883 1372 et
897 1306 1006 1396 praelia
1019 1306 1106 1372 norit

327 1415 467 1479 Externa
481 1437 499 1478 a
512 1413 647 1503 populo,
663 1412 857 1503 templisque
871 1412 989 1478 instare
1001 1412 1141 1496 ruinam,

241 1519 303 1608 275
329 1520 460 1586 Hordea
479 1535 555 1585 tunc
569 1519 673 1585 edicet
688 1536 720 1585 et
734 1542 839 1583 annua
854 1518 938 1583 farra
952 1519 1079 1608 parari,

326 1625 360 1691 si
373 1624 445 1714 quis
458 1643 544 1690 amat
555 1625 695 1710 lucrum,
709 1649 836 1715 magnae
848 1624 933 1690 intra
947 1625 1063 1690 moenia
1077 1628 1202 1708 Rome,

325 1731 377 1797 Bis
389 1755 443 1796 sex
458 1747 495 1796 ut
507 1731 611 1796 valeat
624 1730 771 1797 durando
784 1732 911 1797 vincere
925 1754 1051 1796 menses

329 1839 415 1904 Urbs
430 1837 527 1903 nimis
540 1837 649 1903 infelix
664 1866 673 1904 ι
696 1837 772 1904 felix
785 1854 894 1904 tamen
908 1837 962 1902 illa
979 1836 1156 1915 vocanda„

327 1947 437 2028 Quum
452 1968 514 2034 pax
530 1967 641 2009 rursus
655 1943 728 2026 erit,
744 1967 845 2033 quum
864 1944 912 2009 vis
925 1942 1055 2009 inimica
1071 1943 1208 2009 fatiscet.

238 2052 302 2116 280
328 2118 332 2127 ,
370 2049 435 2115 Sed
449 2049 515 2115 fato
529 2049 660 2115 soboles
675 2049 737 2114 erit
751 2050 819 2115 haec
834 2065 978 2114 extrema
995 2048 1117 2114 Latims

325 2156 481 2246 Regibus.
496 2154 576 2220 Inde
588 2154 664 2220 novi
677 2171 786 2245 surget
799 2154 978 2220 dominatio
992 2153 1102 2243 regni,

325 2265 427 2329 Natos
443 2278 540 2350 atque
556 2260 612 2328 diu
626 2285 714 2326 seros
727 2278 854 2328 rectura
868 2277 1016 2350 nepotes,

324 2371 467 2435 Praesens
481 2368 601 2458 quippe
616 2371 699 2451 Deo,
715 2366 867 2456 quoniam
886 2368 973 2432 Deus
988 2367 1127 2455 imperat
1144 2366 1224 2457 ipse.

369 2477 426 2540 Est
439 2500 517 2541 vero
532 2476 639 2557 tellus,
655 2475 824 2540 hominum
843 2473 1024 2562 gratissima
1039 2473 1158 2556 nutrix,

239 2581 302 2646 285
326 2580 504 2671 Pinguibus
517 2605 668 2647 arvorum
682 2579 806 2671 spatiis,
822 2581 879 2646 ubi
894 2579 987 2644 Nilus
1001 2578 1170 2646 abundans

325 2688 497 2779 AEthiopas
511 2689 691 2781 Libyasque
706 2712 788 2777 vago
807 2687 1005 2754 discriminat
1019 2710 1126 2753 amne.

325 2795 418 2860 Hanc
430 2796 530 2886 Syriae
544 2815 655 2887 gentes
669 2795 791 2861 crebris
804 2793 984 2860 incursibus
999 2793 1078 2858 olim

324 2901 497 2992 Diripient‚
513 2903 701 2994 praedasque
716 2901 847 2991 abigent
863 2902 996 2992 impune
1010 2925 1069 2991 per
1084 2924 1195 2991 agros,

324 3009 436 3074 Donec
449 3033 508 3075 rex
520 3009 638 3098 aliquis
652 3008 760 3074 mittet
771 3009 856 3072 bene
869 3007 1023 3098 providus
1037 3030 1139 3072 unum

231 3175 269 3229 bit
277 3176 309 3228 ab
323 3177 375 3240 illo,
384 3177 428 3243 qui
439 3188 492 3229 tum
502 3176 623 3243 regnabit,
635 3177 791 3244 imperatore.
802 3174 871 3241 itque
883 3173 993 3241 tdopem
1003 3173 1129 3224 luendum
1140 3189 1211 3226 tuum
1220 3174 1272 3243 ipsc
1279 3175 1361 3228 mittet

232 3261 310 3314 filiunt
323 3261 446 3329 [gratuita
461 3271 487 3314 et
500 3261 602 3313 fortuita
615 3261 667 3312 het·
677 3259 784 3327 omnia}
794 3287 826 3297 -

232 3399 296 3450 sieut
315 3400 389 3461 infru,
404 3405 463 3461 tot,
487 3399 575 3460 scribi,
591 3397 783 3450 construendum
849 3396 907 3447 282.
927 3394 1004 3446 Codd.
1018 3395 1133 3464 ὑπάρχει.
1156 3433 1161 3445 .

232 3491 320 3543 nempe
335 3493 392 3526 cum
403 3478 478 3536 ἡνίκα
489 3493 532 3526 seu
543 3475 638 3542 plenius
648 3475 722 3536 ἡνίκα
738 3473 779 3533 ἄν,
849 3471 1332 3532 28³·laettiocemttemu10btcumt·
1369 3520 1372 3531 ,

231 3551 297 3617 quod
311 3552 441 3619 praecessit.
847 3556 906 3607 28l.
925 3554 977 3606 cte.
986 3554 1021 3606 lll
1030 3593 1038 3615 ,
1047 3556 1107 3615 218,
1120 3555 1224 3617 etttltt,
1235 3561 1276 3609 ta.
1288 3557 1361 3609 Prior

265 3629 323 3677 tto.
342 3626 379 3676 Ex
393 3627 512 3688 Hesiodo,
527 3626 600 3694 oper.
618 3629 660 3687 tt,
674 3623 719 3675 ubi
735 3641 781 3693 ps·
812 3639 895 3681 autem
908 3629 935 3680 in
951 3631 1007 3696 φίλη
1024 3629 1171 3698 producitur
1187 3631 1316 3684 Homerica
1330 3631 1364 3684 ll·

230 3700 291 3751 riter
305 3701 395 3767 ἄφινον
404 3702 503 3768 legitur,
515 3701 628 3768 quamvis
637 3700 718 3752 minas
730 3699 780 3751 usi·
813 3707 904 3757 centia.

231 3785 282 3826 tate
298 3793 344 3843 pro
360 3776 456 3836 ἄφενος.
476 3776 521 3827 llic
537 3793 596 3827 vera
612 3776 711 3827 videtur
728 3776 780 3827 hee
848 3783 907 3834 285.
927 3778 979 3830 Cfr.
994 3779 1067 3838 xm,
1083 3784 1125 3833 tt.

231 3866 280 3902 sor
299 3852 436 3902 mercedem
457 3850 566 3902 indicere
588 3852 618 3902 iis
636 3851 781 3920 promissam
847 3859 906 3909 ast.
924 3855 1001 3907 Godd.
1017 3857 1178 3925 ἀπάρξουσιν.

231 3925 275 3992 qui
289 3927 406 3994 plurimos
421 3937 584 3988 commeatus,
600 3939 701 3996 urgente
713 3926 779 3978 obsi-
846 3934 904 3984 288.
926 3931 1003 3982 Codtl.
1024 3932 1145 4000 ἀπαρτίην
1162 3933 1240 3996 (anus
1260 3933 1367 4002 pertinse

231 3999 312 4051 dionis
325 4011 401 4061 metu,
411 4000 604 4068 importaverint.
813 4006 952 4073 ἁμαρτίαν)
966 4007 1011 4066 tlt
1028 4007 1117 4068 δεκτῆς
1128 4006 1206 4072 (sie),
1221 4023 1250 4059 aa
1273 4009 1365 4062 deindo

265 4079 324 4130 280.
343 4078 463 4143 ilduara<
475 4078 501 4129 in
510 4078 566 4128 fem.
577 4076 780 4145 pseudo-uticum
813 4083 855 4134 eat
867 4073 994 4206 ubinosq.
1005 4083 1092 4148 eoonj.
1100 4080 1208 4148 qnidam,
1216 4084 1274 4135 satis
1280 4094 1365 4137 umen

231 4161 277 4210 est,
287 4153 372 4203 utalia
380 4153 443 4204 benc
451 4154 529 4203 multu
537 4153 564 4203 in
577 4153 721 4220 Sibyllinis:
733 4153 779 4204 cfr.
814 4166 891 4216 certa,
905 4166 931 4207 et
942 4155 976 4207 tri
994 4172 1023 4206 us
1036 4156 1147 4224 proxime
1160 4159 1279 4210 secuturis
1290 4160 1366 4212 verti·

231 4227 292 4278 Ere.
301 4238 378 4278 nostr.
387 4229 501 4280 Ceterum
507 4226 620 4278 notabilis
630 4229 734 4280 maxime
741 4228 782 4280 hic
816 4232 875 4291 ltus,
884 4232 986 4282 omnino
1000 4230 1176 4293 laborantibus,
1188 4249 1260 4302 opem
1270 4234 1366 4288 fetante

231 4303 309 4364 locut,
322 4303 380 4370 quia
393 4320 480 4370 magns
492 4321 523 4355 ex
536 4314 605 4372 parte
616 4303 714 4356 ridetur
723 4304 782 4356 hinc
816 4324 865 4357 noa
877 4305 985 4356 dubium.

231 4394 283 4430 ests
296 4388 392 4447 sumpta
405 4378 535 4447 prophetia
546 4396 621 4447 qiam
635 4378 783 4448 legimusin·
850 4385 908 4434 289.
927 4379 1005 4432 Godtl.
1024 4383 1118 4433 nattes
1134 4383 1177 4434 καὶ
1191 4385 1285 4450 qairrus
1298 4386 1365 4452 triu·
1459 4411 1467 4428 .

231 4455 375 4521 terpolrtsm
385 4454 429 4506 lib.
443 4454 511 4517 lllll,
526 4459 583 4518 tat,
596 4473 661 4525 sqq,
677 4455 720 4507 ubi
729 4454 784 4507 vide
816 4475 885 4516 πων,
899 4457 952 4508 sine
964 4472 1036 4507 sensa
1051 4475 1057 4507 :
1073 4474 1118 4509 nos
1133 4474 1197 4510 corr.
1220 4459 1363 4513 Susanna

233 4538 287 4580 not.
818 4531 1338 4604 temtatiaslociettdrgutnentopeteadut.
