3186 5310
203 383 269 472 ‚oo
561 383 816 447 ειιιειλιιιιυιι
837 385 961 446 toron
981 386 1015 446 r.

236 531 297 613 145
338 536 486 630 Εὐρώπου
503 546 674 629 ποταμοῖο,
695 540 745 607 καὶ
764 539 803 617 εἰς
823 538 883 606 ἀλα
901 521 1043 632 [μύρετο]
1063 525 1145 626 ύθωρ

337 621 469 740 Αμμιγα
484 647 618 730 Πηνειῷ,
638 648 690 714 καί
709 673 758 738 μιν
778 649 901 741 στύγιον
924 648 1093 712 καλέουσιν.

342 737 442 818 Θνίκα
456 743 486 818 θ’
500 753 634 827 ἤκουσαν
654 755 783 833 Τιτᾶνες
802 745 915 831 παῖδας
938 753 1042 829 ἐόντας

341 856 486 952 Λάθριον,
503 857 553 938 οθς
568 862 684 956 ἔσπειρε
700 863 816 956 Κρόνος
831 886 865 928 τε
879 845 939 934 Ῥέη
956 886 990 926 τε
1009 861 1158 941 ούνευνος,

343 953 502 1043 Εξηκοντα
515 959 552 1035 θέ
567 995 616 1036 τοι
630 961 746 1048 παῖδας
757 968 957 1062 συναγείρατο
972 963 1081 1051 Τιτὰν,

241 1069 302 1136 150
344 1073 407 1141 Καί
424 1066 448 1166 ῥ’
462 1071 518 1167 εἶχ’
533 1078 562 1141 ἐν
579 1067 717 1167 θεσμοῖσι
735 1078 853 1168 Κρόνον
869 1101 902 1144 τε
916 1060 995 1148 Ῥέην
1014 1099 1048 1140 τε
1063 1075 1213 1157 σύνευνον,

342 1175 465 1273 Κρύψεν
481 1173 510 1248 θ’
521 1186 550 1249 ἐν
569 1183 656 1277 γαίη,
676 1185 728 1253 καὶ
748 1188 777 1252 ἐν
798 1179 928 1275 ζωσμοῖς
952 1185 1114 1273 ἐφύλασσε.

342 1286 405 1355 Καί
420 1288 490 1357 τότε
505 1282 547 1367 θη
561 1318 611 1383 μιν
625 1287 758 1360 άκουσαν
773 1291 831 1359 υἱοὶ
848 1296 1007 1386 κρατεροῖο
1030 1290 1172 1382 Κρόνοιο,

343 1393 406 1461 Καὶ
429 1396 458 1463 οἱ
472 1399 630 1491 ἐπήγειραν
646 1399 780 1491 πολεμον
798 1399 893 1491 μέγαν
907 1389 964 1472 dit
978 1386 1136 1486 κυδοιμόν.

342 1504 428 1576 Αύιη
452 1495 481 1570 θ’
502 1505 566 1571 ἐστ’
590 1506 669 1598 ἀρχὴ
689 1508 826 1597 πολέμου
843 1504 991 1573 πάντεσσι
1012 1505 1171 1596 βροτοῖσι·

243 1604 303 1670 155
344 1591 476 1701 [Πρώτη
491 1611 550 1703 γάρ
569 1636 604 1677 τε
622 1615 745 1703 βροτοῖς
764 1617 841 1681 αύτη
857 1615 1004 1702 πολέμοιο
1021 1595 1190 1702 aarum}

398 1715 462 1781 Καὶ
475 1716 548 1783 τότε
563 1717 724 1785 Τιτάνεσσι
738 1720 815 1798 Θεὸς
832 1719 925 1785 κακὸν
945 1709 1116 1812 ἐγγυάλιξε,

345 1821 408 1888 Καὶ
427 1827 524 1891 πᾶσαι
540 1823 641 1917 γενεαὶ
654 1825 793 1892 Τιτάνων
807 1816 863 1899 ddi
878 1812 1006 1917 Κρόνοιο

346 1927 519 1999 Κάτθανον.
574 1933 811 2023 Αύτὰριέπειτα,
830 1933 940 2024 χρόνου
958 1932 1237 2022 περιτελλομένοιο,

347 2035 508 2128 Αἰγύπτου
524 2039 676 2122 βασίλειον
693 2039 850 2134 ἐγείρατο’
867 2035 933 2107 εἶτα
951 2038 988 2104 τὸ
1010 2037 1148 2128 Περσῶν,
1279 2047 1281 2050 ⁴

244 2145 305 2211 160
346 2133 478 2228 Μόθων,
495 2145 648 2215 Αἰθιόπων
662 2172 710 2232 τε,
727 2148 780 2215 καὶ
799 2133 951 2239 Ασσυρίης
969 2140 1163 2227 Βαόνλῶνος,

346 2243 427 2317 Εἶτα
446 2244 665 2339 Μακηθονίων,
683 2254 775 2323 πάλιν
794 2254 966 2348 Αἰγύπτου,
982 2251 1055 2320 τότε
1073 2236 1196 2342 Ῥώμης.

401 2357 464 2426 Καὶ
479 2359 553 2426 τότε
574 2386 626 2451 μοι
642 2363 787 2452 μεγαλοιο
802 2366 880 2429 Θεοῦ
899 2359 991 2452 φάτις
1011 2363 1041 2426 ἐν
1061 2358 1221 2434 στήθεσσιν

350 2447 486 2546 Ῐπτατο,
502 2464 554 2532 καί
568 2471 599 2558 μ’
617 2470 752 2534 ἐκέλευσε
766 2478 973 2561 προφητεῦσαι
987 2465 1068 2533 κατὰ
1089 2468 1189 2533 πᾶσαν

351 2575 458 2656 Γαῖαν,
471 2571 523 2638 καὶ
539 2567 705 2656 βασιλεῦσιΙ
717 2573 758 2640 τά
778 2575 807 2639 τ’
825 2575 963 2664 ε’σσόμιν’
983 2577 1013 2640 ἐν
1032 2571 1118 2666 φρεσὶ
1137 2572 1240 2640 θεῖναι.

248 2678 310 2769 165
352 2679 416 2746 Καί
432 2704 483 2770 μοι
503 2688 597 2745 τοῦτο
620 2681 696 2757 Θεὸς
713 2688 834 2771 πρῶτον
856 2680 948 2771 μόνος
967 2671 1155 2774 ἐγγυάλιξεν,

350 2770 451 2853 Θσσαι
465 2785 629 2876 ἀνθρώπων
651 2778 826 2870 βασιληίθες
846 2785 1053 2879 ἠγερέθονται.

405 2885 498 2969 Οἶκος
513 2892 567 2982 μέν
587 2889 645 2986 γὰρ
659 2895 831 2985 πρώτιστος
845 2895 1035 2984 Σολομύνιος
1054 2886 1137 2987 ἄρξει

352 2998 493 3075 Φοινίκης
507 3004 534 3067 τ’
548 2987 645 3077 Ασίης
663 2994 859 3093 ἐπιόητοροις,
874 2990 929 3074 ηθί
944 2998 996 3067 καί
1014 2996 1114 3068 ἄλλων

352 3108 478 3191 Νάσων,
496 3109 673 3197 Παμφύλων
695 3133 727 3174 τι
747 3113 843 3200 γένος,
859 3113 984 3200 Περσῶν
1005 3133 1051 3191 τε,
1069 3107 1195 3202 Φρυγῶν
1210 3133 1255 3189 τε,

252 3241 313 3306 ¹7⁰
354 3214 478 3306 Καρῶν,
498 3212 550 3280 καὶ
566 3215 695 3294 Μυσῶν,
713 3204 826 3284 Audon
846 3240 880 3281 τε
892 3218 987 3309 γένος
1007 3217 1217 3308 πολυχρύσων.

409 3316 514 3413 Αὐτὰρ
534 3321 623 3388 ἔπειθ’
640 3307 773 3400 Κλληνες
788 3322 968 3414 ὑπερφίαλοι
986 3323 1038 3388 καὶ
1057 3317 1192 3415 ἄναγνοι,

354 3412 475 3523 [itte]
488 3419 690 3507 Μακηδονίης
709 3430 791 3509 ἔθνος
810 3430 889 3524 μέγα
904 3426 1043 3497 ποιιιιλον
1066 3422 1160 3519 εἵρξει,

355 3533 397 3602 Oi
414 3528 542 3627 φούερον
561 3535 708 3627 πολέμοιο
725 3538 812 3625 νέφος
831 3521 967 3631 [ᾅξουσι]
985 3539 1149 3633 βροτοῖσιν,

248 3752 279 3761 -
294 3726 350 3787 159,
366 3740 419 3790 sqq.
433 3721 572 3788 Regnorum
584 3723 807 3789 antiquissimorum
822 3725 940 3776 ιιιοοεειίο
953 3723 1176 3791 percompeudium
1187 3722 1363 3787 breuissimum,

248 3823 336 3874 nempe
355 3806 433 3857 tribus
448 3805 566 3869 versibus,
582 3806 760 3875 praelibatag—
779 3809 843 3871 161,
859 3822 918 3891 εσιρ,
931 3805 1065 3855 Exordium
1083 3822 1190 3866 novum,
1214 3822 1256 3856 seu
1278 3807 1365 3857 unmi-

285 3979 339 4025 115.
359 3973 428 4039 Vulg.
452 3972 587 4040 Εὐρύτου,
609 3971 650 4021 sed
673 3987 703 4021 ex
724 3971 788 4037 conj.
822 3969 951 4021 Euatathio
965 3979 1075 4029 vocatur,
1086 3980 1201 4020 monente
1214 3972 1357 4025 casaubono

249 4049 400 4105 mantionis,
419 4064 496 4114 quam
506 4057 562 4097 mst.
574 4046 653 4096 [erant
665 4048 789 4113 εύρώιτον,
822 4047 998 4104 Volkmannus,
1006 4046 1094 4097 Jnhnio
1102 4056 1233 4112 preeunte,
1249 4049 1367 4100 medelam

249 4138 274 4178 et
284 4127 318 4177 sic
327 4126 352 4175 in
361 4125 466 4192 epitome
475 4123 601 4175 Strabonis
612 4132 637 4173 ot
644 4124 717 4173 semel
726 4123 791 4191 apud
823 4121 950 4180 indicavit,¹
956 4121 1054 4173 Dissert.
1064 4123 1094 4172 de
1102 4122 1179 4172 Lectt.
1192 4121 1277 4189 Sibyll.
1287 4141 1311 4190 p.
1326 4131 1366 4177 14.

249 4201 405 4253 Eustathium
426 4217 440 4249 ε
460 4199 588 4251 Strabone.
613 4198 688 4249 Docet
711 4208 792 4249 autem
824 4198 854 4248 ln
866 4198 914 4248 fine
927 4198 998 4248 codd.
1015 4199 1119 4265 μοίρατο
1133 4198 1171 4248 νε]
1186 4199 1261 4266 μοῖρα
1272 4202 1311 4259 τό,
1325 4201 1368 4251 ubi

250 4278 399 4346 geographus
412 4276 538 4342 Europum
551 4275 663 4324 eumdem
676 4290 736 4330 esse.
750 4274 793 4340 qui
825 4291 869 4325 uos
878 4274 936 4324 olim
945 4275 1029 4340 econj.
1043 4276 1147 4340 μύρετο,
1156 4291 1232 4334 nuuc,
1241 4276 1367 4329 usitatiore

251 4354 356 4404 Homero
372 4351 503 4402 Titareuius
516 4350 614 4409 dicitur,
633 4361 657 4401 et
676 4349 794 4414 originem
825 4349 910 4408 forma,
925 4351 1025 4417 μύρετο.

252 4446 283 4480 ex
298 4439 380 4478 moute
394 4427 486 4478 Citario
501 4428 605 4486 ducere,
621 4426 697 4476 fluere
712 4433 795 4474 autem
826 4440 830 4479 ς
847 4428 916 4488 nlii.
936 4429 974 4474 An
985 4427 1096 4484 Τιτῆνες,
1107 4433 1135 4474 ιιι
1147 4440 1229 4492 supra,
1243 4427 1367 4480 11818εᾱ

250 4504 278 4556 in
295 4502 427 4554 Thessalia.
452 4500 517 4553 Alibi
537 4513 619 4553 tamen
636 4501 741 4553 Eurotae
762 4499 793 4551 ab
825 4499 852 4550 in
863 4499 911 4550 hac
922 4515 980 4552 vooe
990 4497 1070 4550 mint
1080 4497 1173 4550 Noster.
