3186 5310
323 403 364 463 52
649 400 910 464 ΣΙΒΥΛΛΙΑΚΩΝ
931 401 1059 462 ΛΟΓΟΣ
1081 401 1114 460 B.

429 548 493 618 Καὶ
514 547 605 641 μανίη
626 549 710 617 θώων
725 576 759 617 τε
772 553 886 634 λύκων,
907 541 1123 639 ἀνδροκτασίαι
1145 569 1190 626 τε,

428 657 492 723 Καὶ
509 656 616 748 φθοραὶ
630 658 809 751 ἀνθρώπων,
827 656 846 732 ἢ
865 659 917 725 καὶ
938 660 1017 742 βοῶν
1038 649 1249 748 μυκομενοίων,

351 781 390 828 10
427 756 632 854 Τετραπύδων
648 775 768 839 κτηνῶν
787 790 820 832 τε
838 764 891 833 καὶ
907 768 1022 855 οὐρήων
1043 767 1233 852 ταλαεργῶν,

425 856 487 938 Ηδ
503 872 596 966 αἰγῶν
616 869 686 939 ὸΐων
705 898 755 939 τε·
776 875 883 939 ἔπειτα
902 864 936 938 δὲ
954 875 1061 962 χέρσος
1084 866 1198 960 ἄρουρα

426 981 535 1062 Πολλὴ
548 978 763 1069 καλλειρθεῖσα
774 982 932 1073 γενήσεται
946 971 978 1056 ἐξ
991 977 1143 1070 αἰμελείας,

426 1085 493 1152 Καὶ
507 1087 620 1177 καρποὶ
637 1082 807 1177 λιίψουσιν,
825 1083 1076 1179 έλευθεροπρασία
1095 1077 1124 1151 δ’
1141 1083 1226 1148 ἔσται

426 1193 589 1273 Πλείστοις
604 1200 633 1263 έν
650 1193 826 1286 μερόπεσσι,
844 1190 896 1259 καὶ
913 1190 1064 1284 ἱεροσυλία
1080 1198 1181 1258 ναῶν·
1289 1220 1294 1228 ’

349 1295 387 1363 15
424 1302 467 1374 Δὴ
489 1302 561 1370 τότε
582 1300 634 1368 καὶ
650 1304 735 1396 γενεὴ
757 1292 872 1374 δεκοίτη
898 1297 978 1391 μετὸι
996 1310 1099 1368 ταῦτα
1116 1301 1256 1390 φανεῖται

424 1394 612 1498 Ᾰνθρύπων,
632 1408 750 1476 ὁπόταν
766 1407 925 1499 σεισίχθων
944 1408 1160 1500 ἀστεροπητής

422 1505 570 1600 Εἰδώλον
589 1507 679 1594 ζῆλον
698 1514 831 1608 θραύσει,
848 1515 924 1582 λαόν
945 1539 978 1582 τε
991 1509 1106 1594 τινάξαι

420 1604 531 1713 Ῥώμης
548 1624 749 1713 ἑπταλύροιο,
765 1625 860 1717 μέγας
875 1613 911 1688 δέ
928 1647 961 1688 τε
975 1627 1110 1700 πλοῦτος
1130 1627 1244 1691 ὀλεῖται

303 1746 309 1760 ’
422 1727 587 1821 Δαιόμενος
602 1729 674 1820 πυρὶ
690 1735 796 1814 πολλῷ
814 1730 873 1796 ὐπὸ
893 1728 1007 1824 φλογὸς
1026 1714 1209 1821 Ἡφαίστοιο.

345 1855 388 1901 20
425 1833 490 1901 Καὶ
505 1836 579 1902 τότε
593 1829 621 1901 δ’
639 1835 839 1929 αἱματόεσσαι
860 1838 914 1904 ὐπ’
939 1836 1078 1925 οὐρανίου
1098 1829 1279 1904 καταύᾶσαι

476 2048 583 2144 Αὐτὰρ
603 2050 718 2137 κόσμος
737 2053 807 2128 ύλος
824 2075 857 2117 τε
875 2048 1051 2142 ἀπειρεσίων
1071 2050 1235 2144 ἀνθρώπων

424 2144 586 2235 Ᾰλληλους
600 2158 750 2225 κτείνουσι
767 2159 948 2249 μεμηνότες,
965 2159 995 2224 έν
1014 2148 1049 2224 δὲ
1068 2149 1208 2249 κυδοιμῷ

422 2264 557 2357 Δοιμούς
572 2265 624 2333 καὶ
638 2265 747 2357 λιμοὺς
766 2264 850 2340 θήσει
865 2266 955 2352 Θεὸς,
978 2254 1036 2340 ήδί
1055 2262 1214 2358 κεραυνούς

424 2358 617 2463 Ᾰνθρώποις,
631 2369 659 2440 οἰ
679 2367 791 2464 ἄτερθε
809 2364 896 2452 δίκης
918 2371 1052 2468 κρίνουσι
1068 2374 1227 2464 θέμιστας.

347 2477 389 2548 25
423 2475 531 2568 Λεῖψις
550 2470 581 2546 δ’
597 2468 762 2572 ἀνθρώπων
782 2479 869 2547 ἔσται
883 2477 963 2548 κατὸι
981 2480 1096 2572 κόσμον
1113 2479 1252 2564 ἅπαντα,

426 2569 487 2670 ἰὸς,
498 2584 581 2679 ἴχνος
600 2585 625 2652 εί
641 2580 766 2653 κατίδοι
784 2610 832 2665 τις
850 2587 899 2655 ἐπὶ
913 2584 1010 2680 χθονὶ,
1027 2585 1238 2680 θαυμάσσειεν,

425 2681 606 2785 Ᾰνθρύπου.
623 2693 706 2760 Τότε
720 2683 750 2758 δ’
765 2690 840 2760 αὐτε
854 2697 949 2789 μέγας
967 2694 1042 2773 Θεὸς
1064 2693 1159 2787 αἰθέρι
1170 2694 1274 2762 ναίων

427 2787 558 2893 Ᾰνδρῶν
573 2795 718 2867 εὐσεύέων
739 2801 841 2894 σωτὴρ
857 2799 940 2868 κατὸι
955 2800 1060 2869 ποίντα
1076 2801 1215 2897 γένηται.

396 2985 399 2994 ,
428 2906 492 2976 Καὶ
506 2908 579 2975 τότε
593 2898 622 2973 δ’
639 2907 738 3000 εἰρήνη
753 2931 786 2973 τε
803 2906 910 2990 βαθεῒοί
927 2934 961 2975 τε
978 2911 1094 2988 σύνεσις
1109 2910 1207 2996 ἔσται,

351 3019 393 3085 30
432 3012 495 3082 Καὶ
508 3024 549 3108 γῆ
568 3000 761 3108 καρπορύρος
781 3019 916 3108 καρπούς
933 3015 1009 3084 πιίλε
1027 3015 1167 3095 πλείονας
1187 3016 1272 3099 οἴσει,

429 3111 517 3188 Οὐδὲ
535 3114 723 3214 μεριζομένη,
744 3112 812 3188 οὐδ’
831 3121 919 3191 εἰσέτι
934 3124 1139 3215 λατρεύουσα.

399 3264 408 3272 ·
428 3232 496 3308 Πᾶς
511 3219 547 3295 δὲ
563 3230 668 3322 λιμήν,
684 3233 743 3307 παῖς
761 3229 855 3322 ὅρμος
871 3230 1022 3324 ὐλεύθερος
1041 3230 1241 3323 ἀνθρώποισιν

426 3314 575 3420 Ϊύσσεται,
594 3342 634 3414 ὡς
652 3334 748 3429 πόρος
765 3333 828 3426 ήεν,
847 3329 985 3411 ἀναιδείη
1002 3337 1037 3405 τ’
1047 3338 1220 3406 ἀπολεῖται.

477 3441 541 3510 Καὶ
555 3440 629 3511 τότε
644 3433 683 3518 δή
698 3445 779 3536 μέγα
796 3452 882 3535 σῆμα
896 3444 972 3522 Θεὸς
990 3447 1159 3536 μετέπειτα
1177 3449 1307 3521 ποιήσει.

298 3541 311 3568 ⁸
346 3547 387 3620 35
428 3540 555 3642 Διίμψεε
571 3546 630 3644 γὸιρ
646 3549 787 3641 στεροίνῳ
804 3556 938 3646 λαμπρῷ
950 3552 1131 3645 παρομοίῖος
1149 3554 1261 3646 οἰστὸρ,

423 3656 588 3752 Δαμπρὸς,
605 3657 788 3750 παμφαίνων
804 3657 867 3726 ἀπὸ
879 3661 1007 3753 οὐρανοῦ
1023 3658 1199 3753 αἰγλήεντος

423 3746 547 3858 Ιύμασιν
561 3766 617 3832 οὐκ
634 3765 768 3859 ὀλίγοις·
785 3765 860 3833 τότε
878 3760 937 3859 γὰρ
948 3767 1068 3859 ,στέφος
1087 3765 1272 3859 ἀνθρώποισι

421 3865 584 3954 Δείξιιιίτί
597 3871 756 3967 οὐρανόθεν
775 3875 936 3966 ἐναγώνιον
956 3872 1126 3943 ἀθλεύουσι.

419 3977 484 4048 Καὶ
503 3979 574 4050 τότε
588 3977 648 4075 γὰρ
662 3980 757 4074 μέγας
774 3962 879 4072 [οὗτος
898 3963 996 4074 ἀγὼν]
1011 3982 1205 4061 ἑσελαστικὸς
1219 3984 1309 4051 ἔσται

199 3650 222 3685 ἢ

306 4170 336 4186 ·-
355 4144 402 4208 1⁵,
415 4156 470 4212 qq.
488 4141 592 4196 Decimae
616 4143 778 4209 generationis
794 4143 914 4194 initium:
935 4143 1078 4196 idololntrioe
1090 4145 1146 4196 finis
1168 4155 1193 4197 et
1213 4145 1317 4198 Romani
1335 4148 1434 4216 imperii

303 4227 385 4293 τήν,
400 4255 434 4270 -
445 4231 489 4290 u,
500 4244 555 4295 sqq.
571 4227 668 4279 Corona
680 4228 706 4279 in
718 4228 778 4279 caelo
792 4227 883 4294 fulgere
896 4226 959 4288 νίει,
976 4229 1103 4297 [unquam
1117 4231 1257 4282 οειιεαιίοἰε
1268 4232 1384 4298 signum}
1398 4261 1432 4271 ..

298 4306 413 4383 θ’έςήψ
427 4313 557 4366 θετιευιειι
580 4313 700 4364 viantum
720 4313 786 4363 inter
802 4313 888 4380 justos.
911 4341 943 4351 -

333 4447 375 4506 15.
388 4460 444 4513 sqq.
468 4444 507 4496 Ad
520 4443 613 4503 δεκάτη
628 4443 716 4508 γενεή,
741 4459 766 4493 κ.
780 4459 803 4493 τ.
823 4444 845 4493 λ.
914 4446 957 4496 20.
972 4441 1020 4494 Pro
1030 4445 1160 4511 οὐρανίου,
1174 4446 1271 4499 videm
1281 4447 1344 4513 legas
1354 4448 1433 4515 οὐρα·

296 4517 356 4574 Vnde
367 4530 419 4574 σοι.
433 4518 491 4572 libri
505 4519 517 4570 1
529 4518 609 4600 ἱοίεἰο.
880 4519 1001 4580 νύὐιν,ιιι
1014 4519 1142 4582 ὠκέα.
1158 4522 1392 4591 ὐείοειερρέεούυοι
1404 4525 1430 4576 in
