<?xml version="1.0" encoding="UTF-8"?>
<!DOCTYPE html PUBLIC "-//W3C//DTD XHTML 1.0 Transitional//EN"
    "http://www.w3.org/TR/xhtml1/DTD/xhtml1-transitional.dtd">
<html xmlns="http://www.w3.org/1999/xhtml" xml:lang="en" lang="en">
 <head>
  <title>
</title>
<meta http-equiv="Content-Type" content="text/html;charset=utf-8" />
  <meta name='ocr-system' content='tesseract 3.04.00' />
  <meta name='ocr-capabilities' content='ocr_page ocr_carea ocr_par ocr_line ocrx_word'/>
</head>
<body>
  <div class='ocr_page' id='page_1' title='image "./oraculasibyllin00alexgoog/oraculasibyllin00alexgoog_0193.png"; bbox 0 0 3186 5310; ppageno 0'>
   <div class='ocr_carea' id='block_1_1' title="bbox 271 402 1060 468">
    <p class='ocr_par' dir='ltr' id='par_1_1' title="bbox 271 402 1060 468">
     <span class='ocr_line' id='line_1_1' title="bbox 271 402 1060 468; baseline -0.003 -4"><span class='ocrx_word' id='word_1_1' title='bbox 271 408 327 465; x_wconf 70' lang='lat' dir='ltr'>liss</span> <span class='ocrx_word' id='word_1_2' title='bbox 579 404 858 468; x_wconf 69' lang='lat' dir='ltr'>=ztssruutsttttrt</span> <span class='ocrx_word' id='word_1_3' title='bbox 881 402 1007 464; x_wconf 80' lang='grc' dir='ltr'>ΛΟΓΟΣ</span> <span class='ocrx_word' id='word_1_4' title='bbox 1029 403 1060 463; x_wconf 86' lang='grc' dir='ltr'>Γ.</span> 
     </span>
    </p>
   </div>
   <div class='ocr_carea' id='block_1_2' title="bbox 275 546 1401 3749">
    <p class='ocr_par' dir='ltr' id='par_1_2' title="bbox 376 546 1153 648">
     <span class='ocr_line' id='line_1_2' title="bbox 376 546 1153 648; baseline -0.003 -31"><span class='ocrx_word' id='word_1_5' title='bbox 376 546 542 644; x_wconf 79' lang='grc' dir='ltr'>Τέρψωμεν</span> <span class='ocrx_word' id='word_1_6' title='bbox 561 553 680 642; x_wconf 86' lang='grc' dir='ltr'>ὐμνοισι</span> <span class='ocrx_word' id='word_1_7' title='bbox 699 553 777 621; x_wconf 85' lang='grc' dir='ltr'>Θεὸν</span> <span class='ocrx_word' id='word_1_8' title='bbox 790 561 937 648; x_wconf 75' lang='grc' dir='ltr'>γενετῆρα</span> <span class='ocrx_word' id='word_1_9' title='bbox 952 554 1022 616; x_wconf 90' lang='grc' dir='ltr'>κατ’</span> <span class='ocrx_word' id='word_1_10' title='bbox 1039 548 1153 634; x_wconf 85' lang='grc' dir='ltr'>οἴκους,</span> 
     </span>
    </p>

    <p class='ocr_par' dir='ltr' id='par_1_3' title="bbox 380 641 1165 752">
     <span class='ocr_line' id='line_1_3' title="bbox 380 641 1165 752; baseline -0.003 -29"><span class='ocrx_word' id='word_1_11' title='bbox 380 641 508 751; x_wconf 71' lang='grc' dir='ltr'>Εχθρῶν</span> <span class='ocrx_word' id='word_1_12' title='bbox 526 658 608 724; x_wconf 86' lang='grc' dir='ltr'>ὐπλα</span> <span class='ocrx_word' id='word_1_13' title='bbox 623 654 816 752; x_wconf 77' lang='grc' dir='ltr'>ποριζόμενοι</span> <span class='ocrx_word' id='word_1_14' title='bbox 830 655 914 726; x_wconf 79' lang='grc' dir='ltr'>κατὰ</span> <span class='ocrx_word' id='word_1_15' title='bbox 931 663 1021 751; x_wconf 81' lang='grc' dir='ltr'>γαῖαν</span> <span class='ocrx_word' id='word_1_16' title='bbox 1041 654 1165 723; x_wconf 87' lang='grc' dir='ltr'>ἀπασαν</span> 
     </span>
    </p>

    <p class='ocr_par' dir='ltr' id='par_1_4' title="bbox 383 748 1156 860">
     <span class='ocr_line' id='line_1_4' title="bbox 383 748 1156 860; baseline 0 -33"><span class='ocrx_word' id='word_1_17' title='bbox 383 748 478 830; x_wconf 69' lang='lat' dir='ltr'>lieri</span> <span class='ocrx_word' id='word_1_18' title='bbox 493 765 606 857; x_wconf 80' lang='grc' dir='ltr'>χρόνων</span> <span class='ocrx_word' id='word_1_19' title='bbox 623 770 703 857; x_wconf 91' lang='grc' dir='ltr'>μήκη</span> <span class='ocrx_word' id='word_1_20' title='bbox 726 767 981 860; x_wconf 76' lang='grc' dir='ltr'>περιτελλομένων</span> <span class='ocrx_word' id='word_1_21' title='bbox 999 766 1156 845; x_wconf 83' lang='grc' dir='ltr'>ἐνιαυτῶν,</span> 
     </span>
    </p>

    <p class='ocr_par' dir='ltr' id='par_1_5' title="bbox 278 854 1352 1066">
     <span class='ocr_line' id='line_1_5' title="bbox 381 854 1352 966; baseline 0 -31"><span class='ocrx_word' id='word_1_22' title='bbox 381 871 519 953; x_wconf 84' lang='grc' dir='ltr'>Πελτας,</span> <span class='ocrx_word' id='word_1_23' title='bbox 535 871 587 953; x_wconf 87' lang='grc' dir='ltr'>καὶ</span> <span class='ocrx_word' id='word_1_24' title='bbox 600 871 732 964; x_wconf 84' lang='grc' dir='ltr'>θυρεοὺς,</span> <span class='ocrx_word' id='word_1_25' title='bbox 747 872 888 966; x_wconf 84' lang='grc' dir='ltr'>κόρυθας,</span> <span class='ocrx_word' id='word_1_26' title='bbox 907 866 1106 961; x_wconf 84' lang='grc' dir='ltr'>παμποίκιλά</span> <span class='ocrx_word' id='word_1_27' title='bbox 1124 869 1151 934; x_wconf 91' lang='grc' dir='ltr'>θ’</span> <span class='ocrx_word' id='word_1_28' title='bbox 1168 870 1265 956; x_wconf 84' lang='grc' dir='ltr'>ὅπλα,</span> <span class='ocrx_word' id='word_1_29' title='bbox 1344 854 1352 873; x_wconf 67' lang='lat'><em>&#39;</em></span> 
     </span>
     <span class='ocr_line' id='line_1_6' title="bbox 278 968 1190 1066; baseline -0.002 -23"><span class='ocrx_word' id='word_1_30' title='bbox 278 979 343 1066; x_wconf 85' lang='lat'>730</span> <span class='ocrx_word' id='word_1_31' title='bbox 383 974 493 1044; x_wconf 80' lang='grc' dir='ltr'>ΙΙολλὰ</span> <span class='ocrx_word' id='word_1_32' title='bbox 508 969 543 1045; x_wconf 79' lang='grc' dir='ltr'>δὲ</span> <span class='ocrx_word' id='word_1_33' title='bbox 560 978 613 1045; x_wconf 88' lang='grc' dir='ltr'>καὶ</span> <span class='ocrx_word' id='word_1_34' title='bbox 631 973 729 1057; x_wconf 79' lang='grc' dir='ltr'>τόξων</span> <span class='ocrx_word' id='word_1_35' title='bbox 744 979 857 1056; x_wconf 86' lang='grc' dir='ltr'>πλήθη,</span> <span class='ocrx_word' id='word_1_36' title='bbox 880 978 990 1063; x_wconf 88' lang='grc' dir='ltr'>βελέων</span> <span class='ocrx_word' id='word_1_37' title='bbox 1008 968 1121 1044; x_wconf 80' lang='grc' dir='ltr'>ἀδίκων</span> <span class='ocrx_word' id='word_1_38' title='bbox 1138 1000 1190 1042; x_wconf 90' lang='grc' dir='ltr'>τε·</span> 
     </span>
    </p>

    <p class='ocr_par' dir='ltr' id='par_1_6' title="bbox 385 1075 1262 1178">
     <span class='ocr_line' id='line_1_7' title="bbox 385 1075 1262 1178; baseline -0.003 -29"><span class='ocrx_word' id='word_1_39' title='bbox 385 1075 470 1149; x_wconf 79' lang='grc' dir='ltr'>Οὐδὲ</span> <span class='ocrx_word' id='word_1_40' title='bbox 483 1081 541 1178; x_wconf 79' lang='grc' dir='ltr'>γὰρ</span> <span class='ocrx_word' id='word_1_41' title='bbox 557 1089 591 1152; x_wconf 78' lang='grc' dir='ltr'>ἐκ</span> <span class='ocrx_word' id='word_1_42' title='bbox 606 1078 725 1178; x_wconf 78' lang='grc' dir='ltr'>δρυμοῦ</span> <span class='ocrx_word' id='word_1_43' title='bbox 741 1081 818 1164; x_wconf 75' lang='grc' dir='ltr'>ξύλα</span> <span class='ocrx_word' id='word_1_44' title='bbox 836 1080 965 1172; x_wconf 80' lang='grc' dir='ltr'>κόψεται</span> <span class='ocrx_word' id='word_1_45' title='bbox 982 1081 1022 1161; x_wconf 85' lang='grc' dir='ltr'>εἰς</span> <span class='ocrx_word' id='word_1_46' title='bbox 1041 1083 1135 1174; x_wconf 84' lang='grc' dir='ltr'>πυρὸς</span> <span class='ocrx_word' id='word_1_47' title='bbox 1154 1084 1262 1176; x_wconf 85' lang='grc' dir='ltr'>αὐγήν.</span> 
     </span>
    </p>

    <p class='ocr_par' dir='ltr' id='par_1_7' title="bbox 436 1177 1281 1283">
     <span class='ocr_line' id='line_1_8' title="bbox 436 1177 1281 1283; baseline 0 -28"><span class='ocrx_word' id='word_1_48' title='bbox 436 1177 537 1270; x_wconf 83' lang='grc' dir='ltr'>Ᾰλλά,</span> <span class='ocrx_word' id='word_1_49' title='bbox 553 1191 670 1260; x_wconf 81' lang='grc' dir='ltr'>τάλαιν’</span> <span class='ocrx_word' id='word_1_50' title='bbox 684 1179 798 1278; x_wconf 52' lang='lat' dir='ltr'>istiu,</span> <span class='ocrx_word' id='word_1_51' title='bbox 819 1195 996 1283; x_wconf 84' lang='grc' dir='ltr'>ὐπερήρανα</span> <span class='ocrx_word' id='word_1_52' title='bbox 1012 1199 1090 1256; x_wconf 88' lang='grc' dir='ltr'>παῦε</span> <span class='ocrx_word' id='word_1_53' title='bbox 1110 1200 1281 1280; x_wconf 72' lang='grc' dir='ltr'>φρονοῦσα·</span> 
     </span>
    </p>

    <p class='ocr_par' dir='ltr' id='par_1_8' title="bbox 383 1284 1240 1394">
     <span class='ocr_line' id='line_1_9' title="bbox 383 1284 1240 1394; baseline -0.004 -32"><span class='ocrx_word' id='word_1_54' title='bbox 383 1294 496 1364; x_wconf 83' lang='grc' dir='ltr'>Λίσσεο</span> <span class='ocrx_word' id='word_1_55' title='bbox 518 1289 546 1363; x_wconf 90' lang='grc' dir='ltr'>δ’</span> <span class='ocrx_word' id='word_1_56' title='bbox 563 1285 725 1367; x_wconf 83' lang='grc' dir='ltr'>Ᾰθάνατον</span> <span class='ocrx_word' id='word_1_57' title='bbox 739 1294 948 1394; x_wconf 67' lang='grc' dir='ltr'>μεγαλήτορα,</span> <span class='ocrx_word' id='word_1_58' title='bbox 968 1296 1021 1363; x_wconf 87' lang='grc' dir='ltr'>καὶ</span> <span class='ocrx_word' id='word_1_59' title='bbox 1035 1284 1240 1387; x_wconf 72' lang='grc' dir='ltr'>προρύλαξαι.</span> 
     </span>
    </p>

    <p class='ocr_par' dir='ltr' id='par_1_9' title="bbox 281 1389 1202 1606">
     <span class='ocr_line' id='line_1_10' title="bbox 383 1389 1202 1498; baseline -0.004 -29"><span class='ocrx_word' id='word_1_60' title='bbox 383 1404 504 1471; x_wconf 78' lang='grc' dir='ltr'>Στεῑλον</span> <span class='ocrx_word' id='word_1_61' title='bbox 520 1395 559 1478; x_wconf 76' lang='grc' dir='ltr'>δή</span> <span class='ocrx_word' id='word_1_62' title='bbox 579 1406 630 1473; x_wconf 83' lang='grc' dir='ltr'>ἐπὶ</span> <span class='ocrx_word' id='word_1_63' title='bbox 648 1396 740 1484; x_wconf 87' lang='grc' dir='ltr'>τήνδε</span> <span class='ocrx_word' id='word_1_64' title='bbox 758 1407 847 1473; x_wconf 86' lang='grc' dir='ltr'>πόλιν</span> <span class='ocrx_word' id='word_1_65' title='bbox 865 1389 951 1498; x_wconf 75' lang='grc' dir='ltr'>[τὸν]</span> <span class='ocrx_word' id='word_1_66' title='bbox 965 1403 1040 1470; x_wconf 87' lang='grc' dir='ltr'>λαύν</span> <span class='ocrx_word' id='word_1_67' title='bbox 1058 1397 1202 1484; x_wconf 69' lang='grc' dir='ltr'>ἀύουλον,</span> 
     </span>
     <span class='ocr_line' id='line_1_11' title="bbox 281 1490 1120 1606; baseline -0.004 -29"><span class='ocrx_word' id='word_1_68' title='bbox 281 1509 344 1599; x_wconf 83' lang='grc'>735</span> <span class='ocrx_word' id='word_1_69' title='bbox 386 1490 469 1576; x_wconf 78' lang='grc' dir='ltr'>Οστε</span> <span class='ocrx_word' id='word_1_70' title='bbox 488 1536 538 1600; x_wconf 92' lang='grc' dir='ltr'>μιν</span> <span class='ocrx_word' id='word_1_71' title='bbox 556 1504 589 1588; x_wconf 76' lang='grc' dir='ltr'>ἐξ</span> <span class='ocrx_word' id='word_1_72' title='bbox 610 1511 695 1591; x_wconf 82' lang='grc' dir='ltr'>ὁσίης</span> <span class='ocrx_word' id='word_1_73' title='bbox 711 1494 799 1606; x_wconf 85' lang='grc' dir='ltr'>γαίης</span> <span class='ocrx_word' id='word_1_74' title='bbox 816 1512 944 1578; x_wconf 79' lang='grc' dir='ltr'>πέλεται</span> <span class='ocrx_word' id='word_1_75' title='bbox 963 1507 1120 1602; x_wconf 86' lang='grc' dir='ltr'>μεγαλοιο.</span> 
     </span>
    </p>

    <p class='ocr_par' dir='ltr' id='par_1_10' title="bbox 385 1613 1149 1711">
     <span class='ocr_line' id='line_1_12' title="bbox 385 1613 1149 1711; baseline -0.004 -29"><span class='ocrx_word' id='word_1_76' title='bbox 385 1618 440 1690; x_wconf 74' lang='grc' dir='ltr'>Μή</span> <span class='ocrx_word' id='word_1_77' title='bbox 459 1615 534 1683; x_wconf 83' lang='grc' dir='ltr'>κίνει</span> <span class='ocrx_word' id='word_1_78' title='bbox 553 1618 752 1711; x_wconf 80' lang='grc' dir='ltr'>Καμάριναν·</span> <span class='ocrx_word' id='word_1_79' title='bbox 773 1616 917 1694; x_wconf 86' lang='grc' dir='ltr'>ἀκίνητος</span> <span class='ocrx_word' id='word_1_80' title='bbox 931 1613 996 1710; x_wconf 81' lang='grc' dir='ltr'>γὰρ</span> <span class='ocrx_word' id='word_1_81' title='bbox 1008 1615 1149 1707; x_wconf 85' lang='grc' dir='ltr'>ἀμείνων.</span> 
     </span>
    </p>

    <p class='ocr_par' dir='ltr' id='par_1_11' title="bbox 384 1713 1195 1818">
     <span class='ocr_line' id='line_1_13' title="bbox 384 1713 1195 1818; baseline 0 -32"><span class='ocrx_word' id='word_1_82' title='bbox 384 1713 545 1812; x_wconf 86' lang='grc' dir='ltr'>ΙΙάρδαλιν</span> <span class='ocrx_word' id='word_1_83' title='bbox 568 1725 602 1790; x_wconf 88' lang='grc' dir='ltr'>ἐκ</span> <span class='ocrx_word' id='word_1_84' title='bbox 620 1724 737 1804; x_wconf 81' lang='grc' dir='ltr'>κοίτης,</span> <span class='ocrx_word' id='word_1_85' title='bbox 753 1730 843 1818; x_wconf 89' lang='grc' dir='ltr'>μήτοι</span> <span class='ocrx_word' id='word_1_86' title='bbox 863 1726 955 1789; x_wconf 84' lang='grc' dir='ltr'>κακὸν</span> <span class='ocrx_word' id='word_1_87' title='bbox 977 1717 1195 1815; x_wconf 74' lang='grc' dir='ltr'>άντιύολήσης.</span> 
     </span>
    </p>

    <p class='ocr_par' dir='ltr' id='par_1_12' title="bbox 384 1816 1203 1923">
     <span class='ocr_line' id='line_1_14' title="bbox 384 1816 1203 1923; baseline 0.001 -29"><span class='ocrx_word' id='word_1_88' title='bbox 384 1816 461 1895; x_wconf 82' lang='grc' dir='ltr'>Ᾱλλ’</span> <span class='ocrx_word' id='word_1_89' title='bbox 478 1828 608 1920; x_wconf 73' lang='grc' dir='ltr'>ἀπέχου,</span> <span class='ocrx_word' id='word_1_90' title='bbox 626 1822 702 1922; x_wconf 88' lang='grc' dir='ltr'>μήδ’</span> <span class='ocrx_word' id='word_1_91' title='bbox 718 1829 781 1922; x_wconf 78' lang='grc' dir='ltr'>ἵσχ’</span> <span class='ocrx_word' id='word_1_92' title='bbox 800 1833 990 1923; x_wconf 83' lang='grc' dir='ltr'>ὑπερήφανον</span> <span class='ocrx_word' id='word_1_93' title='bbox 1011 1833 1039 1896; x_wconf 78' lang='grc' dir='ltr'>ἐν</span> <span class='ocrx_word' id='word_1_94' title='bbox 1058 1830 1203 1904; x_wconf 82' lang='grc' dir='ltr'>στήθεσσι</span> 
     </span>
    </p>

    <p class='ocr_par' dir='ltr' id='par_1_13' title="bbox 281 1931 1241 2137">
     <span class='ocr_line' id='line_1_15' title="bbox 385 1931 1241 2029; baseline 0.001 -27"><span class='ocrx_word' id='word_1_95' title='bbox 385 1931 490 2026; x_wconf 88' lang='grc' dir='ltr'>Θυμύν</span> <span class='ocrx_word' id='word_1_96' title='bbox 513 1939 710 2029; x_wconf 81' lang='grc' dir='ltr'>ὑπερφίαλον,</span> <span class='ocrx_word' id='word_1_97' title='bbox 731 1936 850 2015; x_wconf 80' lang='grc' dir='ltr'>στείλας</span> <span class='ocrx_word' id='word_1_98' title='bbox 870 1938 942 2028; x_wconf 85' lang='grc' dir='ltr'>πρὸς</span> <span class='ocrx_word' id='word_1_99' title='bbox 961 1935 1067 2028; x_wconf 86' lang='grc' dir='ltr'>ἀγῶνα</span> <span class='ocrx_word' id='word_1_100' title='bbox 1083 1939 1241 2029; x_wconf 85' lang='grc' dir='ltr'>κραταιόν.</span> 
     </span>
     <span class='ocr_line' id='line_1_16' title="bbox 281 2032 1219 2137; baseline 0.001 -30"><span class='ocrx_word' id='word_1_101' title='bbox 281 2048 345 2133; x_wconf 75' lang='grc'>740</span> <span class='ocrx_word' id='word_1_102' title='bbox 387 2040 451 2107; x_wconf 85' lang='grc' dir='ltr'>Καὶ</span> <span class='ocrx_word' id='word_1_103' title='bbox 470 2032 593 2110; x_wconf 82' lang='grc' dir='ltr'>δουλευε</span> <span class='ocrx_word' id='word_1_104' title='bbox 612 2049 681 2130; x_wconf 82' lang='grc' dir='ltr'>Θεῷ</span> <span class='ocrx_word' id='word_1_105' title='bbox 701 2047 840 2137; x_wconf 87' lang='grc' dir='ltr'>μεγάλῳ,</span> <span class='ocrx_word' id='word_1_106' title='bbox 860 2044 910 2108; x_wconf 88' lang='grc' dir='ltr'>ἵνα</span> <span class='ocrx_word' id='word_1_107' title='bbox 933 2033 1031 2109; x_wconf 86' lang='grc' dir='ltr'>τῶνδε</span> <span class='ocrx_word' id='word_1_108' title='bbox 1050 2040 1219 2135; x_wconf 71' lang='grc' dir='ltr'>μετάσχῃς,</span> 
     </span>
    </p>

    <p class='ocr_par' dir='ltr' id='par_1_14' title="bbox 390 2133 1198 2242">
     <span class='ocr_line' id='line_1_17' title="bbox 390 2133 1198 2242; baseline 0 -27"><span class='ocrx_word' id='word_1_109' title='bbox 390 2133 519 2216; x_wconf 83' lang='grc' dir='ltr'>Οππύτε</span> <span class='ocrx_word' id='word_1_110' title='bbox 534 2141 640 2224; x_wconf 82' lang='grc' dir='ltr'>δήκαὶ</span> <span class='ocrx_word' id='word_1_111' title='bbox 655 2161 750 2217; x_wconf 90' lang='grc' dir='ltr'>τοῦτο</span> <span class='ocrx_word' id='word_1_112' title='bbox 762 2146 844 2242; x_wconf 75' lang='grc' dir='ltr'>λάύη</span> <span class='ocrx_word' id='word_1_113' title='bbox 860 2150 949 2226; x_wconf 80' lang='grc' dir='ltr'>τέλος</span> <span class='ocrx_word' id='word_1_114' title='bbox 968 2146 1089 2238; x_wconf 84' lang='grc' dir='ltr'>αἴσιμον</span> <span class='ocrx_word' id='word_1_115' title='bbox 1105 2145 1198 2240; x_wconf 76' lang='grc' dir='ltr'>ἦμαρ,</span> 
     </span>
    </p>

    <p class='ocr_par' dir='ltr' id='par_1_15' title="bbox 385 2247 1130 2350">
     <span class='ocr_line' id='line_1_18' title="bbox 385 2247 1130 2350; baseline 0.001 -29"><span class='ocrx_word' id='word_1_116' title='bbox 385 2253 439 2332; x_wconf 80' lang='grc' dir='ltr'>Εἰς</span> <span class='ocrx_word' id='word_1_117' title='bbox 456 2247 490 2322; x_wconf 79' lang='grc' dir='ltr'>δὲ</span> <span class='ocrx_word' id='word_1_118' title='bbox 509 2257 636 2348; x_wconf 83' lang='grc' dir='ltr'>βροτοὺς</span> <span class='ocrx_word' id='word_1_119' title='bbox 649 2251 713 2335; x_wconf 69' lang='grc' dir='ltr'>ήὶει</span> <span class='ocrx_word' id='word_1_120' title='bbox 734 2256 828 2350; x_wconf 85' lang='grc' dir='ltr'>κρίσις</span> <span class='ocrx_word' id='word_1_121' title='bbox 848 2256 1012 2323; x_wconf 84' lang='grc' dir='ltr'>ἀθανάτοιο</span> <span class='ocrx_word' id='word_1_122' title='bbox 1029 2256 1130 2341; x_wconf 85' lang='grc' dir='ltr'>Θεοῖο,</span> 
     </span>
    </p>

    <p class='ocr_par' dir='ltr' id='par_1_16' title="bbox 385 2345 1277 2456">
     <span class='ocr_line' id='line_1_19' title="bbox 385 2345 1277 2456; baseline -0.003 -29"><span class='ocrx_word' id='word_1_123' title='bbox 385 2345 476 2455; x_wconf 75' lang='grc' dir='ltr'>[ΙΙξει</span> <span class='ocrx_word' id='word_1_124' title='bbox 492 2364 540 2429; x_wconf 81' lang='grc' dir='ltr'>ὐπ’</span> <span class='ocrx_word' id='word_1_125' title='bbox 560 2362 734 2454; x_wconf 81' lang='grc' dir='ltr'>ἀνθρώπους</span> <span class='ocrx_word' id='word_1_126' title='bbox 753 2363 884 2456; x_wconf 85' lang='grc' dir='ltr'>ἀγαθούς</span> <span class='ocrx_word' id='word_1_127' title='bbox 904 2360 1049 2455; x_wconf 82' lang='grc' dir='ltr'>μεγάλοιο</span> <span class='ocrx_word' id='word_1_128' title='bbox 1065 2364 1135 2429; x_wconf 84' lang='grc' dir='ltr'>κατ’</span> <span class='ocrx_word' id='word_1_129' title='bbox 1153 2346 1277 2454; x_wconf 64' lang='lat' dir='ltr'>ripple}</span> 
     </span>
    </p>

    <p class='ocr_par' dir='ltr' id='par_1_17' title="bbox 439 2459 1258 2563">
     <span class='ocr_line' id='line_1_20' title="bbox 439 2459 1258 2563; baseline -0.002 -30"><span class='ocrx_word' id='word_1_130' title='bbox 439 2470 483 2542; x_wconf 80' lang='grc' dir='ltr'>Γῆ</span> <span class='ocrx_word' id='word_1_131' title='bbox 501 2465 560 2562; x_wconf 75' lang='grc' dir='ltr'>γὰρ</span> <span class='ocrx_word' id='word_1_132' title='bbox 576 2473 791 2562; x_wconf 86' lang='grc' dir='ltr'>παγγενέτειρα</span> <span class='ocrx_word' id='word_1_133' title='bbox 815 2472 934 2561; x_wconf 87' lang='grc' dir='ltr'>βροτοῖς</span> <span class='ocrx_word' id='word_1_134' title='bbox 954 2459 1046 2533; x_wconf 82' lang='grc' dir='ltr'>δώσει</span> <span class='ocrx_word' id='word_1_135' title='bbox 1064 2470 1117 2535; x_wconf 80' lang='grc' dir='ltr'>τὸν</span> <span class='ocrx_word' id='word_1_136' title='bbox 1136 2465 1258 2563; x_wconf 84' lang='grc' dir='ltr'>ἀριστον</span> 
     </span>
    </p>

    <p class='ocr_par' dir='ltr' id='par_1_18' title="bbox 282 2572 1251 2774">
     <span class='ocr_line' id='line_1_21' title="bbox 385 2572 1143 2668; baseline 0.003 -30"><span class='ocrx_word' id='word_1_137' title='bbox 385 2575 515 2667; x_wconf 82' lang='grc' dir='ltr'>ΙΙαρπύν</span> <span class='ocrx_word' id='word_1_138' title='bbox 531 2575 700 2668; x_wconf 81' lang='grc' dir='ltr'>ἀπειρέσιον</span> <span class='ocrx_word' id='word_1_139' title='bbox 724 2574 823 2659; x_wconf 85' lang='grc' dir='ltr'>σίτου,</span> <span class='ocrx_word' id='word_1_140' title='bbox 845 2572 938 2658; x_wconf 82' lang='grc' dir='ltr'>οἴνου,</span> <span class='ocrx_word' id='word_1_141' title='bbox 959 2576 1012 2640; x_wconf 84' lang='grc' dir='ltr'>καὶ</span> <span class='ocrx_word' id='word_1_142' title='bbox 1029 2575 1143 2642; x_wconf 87' lang='grc' dir='ltr'>ελαίου.</span> 
     </span>
     <span class='ocr_line' id='line_1_22' title="bbox 282 2672 1251 2774; baseline -0.001 -28"><span class='ocrx_word' id='word_1_143' title='bbox 282 2680 346 2770; x_wconf 77' lang='grc' dir='ltr'>7ήό</span> <span class='ocrx_word' id='word_1_144' title='bbox 388 2677 498 2772; x_wconf 75' lang='grc' dir='ltr'>Αὐτὰρ</span> <span class='ocrx_word' id='word_1_145' title='bbox 517 2680 571 2748; x_wconf 81' lang='grc' dir='ltr'>ἀπ’</span> <span class='ocrx_word' id='word_1_146' title='bbox 586 2682 743 2774; x_wconf 82' lang='grc' dir='ltr'>οὐρανόθεν</span> <span class='ocrx_word' id='word_1_147' title='bbox 764 2684 885 2771; x_wconf 77' lang='grc' dir='ltr'>μελιτος</span> <span class='ocrx_word' id='word_1_148' title='bbox 897 2686 1045 2774; x_wconf 83' lang='grc' dir='ltr'>γλυκεροῦ</span> <span class='ocrx_word' id='word_1_149' title='bbox 1067 2683 1161 2747; x_wconf 85' lang='grc' dir='ltr'>ποτὸν</span> <span class='ocrx_word' id='word_1_150' title='bbox 1177 2672 1251 2764; x_wconf 71' lang='lat' dir='ltr'>tio,</span> 
     </span>
    </p>

    <p class='ocr_par' dir='ltr' id='par_1_19' title="bbox 386 2777 1215 2880">
     <span class='ocr_line' id='line_1_23' title="bbox 386 2777 1215 2880; baseline 0 -26"><span class='ocrx_word' id='word_1_151' title='bbox 386 2777 520 2879; x_wconf 88' lang='grc' dir='ltr'>Δένδρεά</span> <span class='ocrx_word' id='word_1_152' title='bbox 537 2791 578 2866; x_wconf 85' lang='grc' dir='ltr'>τ’,</span> <span class='ocrx_word' id='word_1_153' title='bbox 599 2781 775 2880; x_wconf 81' lang='grc' dir='ltr'>ἀκροδρύων</span> <span class='ocrx_word' id='word_1_154' title='bbox 793 2790 922 2876; x_wconf 78' lang='grc' dir='ltr'>καρπὸν,</span> <span class='ocrx_word' id='word_1_155' title='bbox 938 2785 990 2853; x_wconf 87' lang='grc' dir='ltr'>καὶ</span> <span class='ocrx_word' id='word_1_156' title='bbox 1010 2784 1100 2853; x_wconf 82' lang='grc' dir='ltr'>πίονα</span> <span class='ocrx_word' id='word_1_157' title='bbox 1120 2794 1215 2880; x_wconf 79' lang='grc' dir='ltr'>μῆλα,</span> 
     </span>
    </p>

    <p class='ocr_par' dir='ltr' id='par_1_20' title="bbox 388 2889 1242 2986">
     <span class='ocr_line' id='line_1_24' title="bbox 388 2889 1242 2986; baseline 0.001 -29"><span class='ocrx_word' id='word_1_158' title='bbox 388 2893 452 2958; x_wconf 83' lang='grc' dir='ltr'>Καὶ</span> <span class='ocrx_word' id='word_1_159' title='bbox 472 2894 558 2978; x_wconf 86' lang='grc' dir='ltr'>βόας,</span> <span class='ocrx_word' id='word_1_160' title='bbox 575 2894 609 2959; x_wconf 82' lang='grc' dir='ltr'>ἔκ</span> <span class='ocrx_word' id='word_1_161' title='bbox 631 2899 657 2961; x_wconf 90' lang='grc' dir='ltr'>τ’</span> <span class='ocrx_word' id='word_1_162' title='bbox 672 2895 767 2984; x_wconf 80' lang='grc' dir='ltr'>ἀρνῶν</span> <span class='ocrx_word' id='word_1_163' title='bbox 784 2889 888 2981; x_wconf 86' lang='grc' dir='ltr'>ἀρνας,</span> <span class='ocrx_word' id='word_1_164' title='bbox 910 2891 1003 2986; x_wconf 82' lang='grc' dir='ltr'>αἰγῶν</span> <span class='ocrx_word' id='word_1_165' title='bbox 1021 2919 1055 2959; x_wconf 88' lang='grc' dir='ltr'>τε</span> <span class='ocrx_word' id='word_1_166' title='bbox 1072 2894 1242 2986; x_wconf 83' lang='grc' dir='ltr'>χιμάρους·</span> 
     </span>
    </p>

    <p class='ocr_par' dir='ltr' id='par_1_21' title="bbox 387 2993 1146 3095">
     <span class='ocr_line' id='line_1_25' title="bbox 387 2993 1146 3095; baseline 0.004 -31"><span class='ocrx_word' id='word_1_167' title='bbox 387 2999 498 3093; x_wconf 86' lang='grc' dir='ltr'>Πηγάς</span> <span class='ocrx_word' id='word_1_168' title='bbox 517 3024 551 3064; x_wconf 94' lang='grc' dir='ltr'>τε</span> <span class='ocrx_word' id='word_1_169' title='bbox 570 2993 649 3093; x_wconf 75' lang='grc' dir='ltr'>ῥήξει</span> <span class='ocrx_word' id='word_1_170' title='bbox 663 2997 810 3095; x_wconf 84' lang='grc' dir='ltr'>γλυκεράς</span> <span class='ocrx_word' id='word_1_171' title='bbox 824 3005 946 3066; x_wconf 82' lang='grc' dir='ltr'>λευκοῖο</span> <span class='ocrx_word' id='word_1_172' title='bbox 965 2999 1146 3091; x_wconf 88' lang='grc' dir='ltr'>γάλακτος·</span> 
     </span>
    </p>

    <p class='ocr_par' dir='ltr' id='par_1_22' title="bbox 282 3096 1307 3306">
     <span class='ocr_line' id='line_1_26' title="bbox 389 3096 1209 3199; baseline 0.001 -28"><span class='ocrx_word' id='word_1_173' title='bbox 389 3108 522 3199; x_wconf 88' lang='grc' dir='ltr'>ΙΙλήρεις</span> <span class='ocrx_word' id='word_1_174' title='bbox 538 3096 566 3171; x_wconf 87' lang='grc' dir='ltr'>δ’</span> <span class='ocrx_word' id='word_1_175' title='bbox 588 3103 661 3173; x_wconf 88' lang='grc' dir='ltr'>αὐτε</span> <span class='ocrx_word' id='word_1_176' title='bbox 676 3107 779 3184; x_wconf 84' lang='grc' dir='ltr'>πόλεις</span> <span class='ocrx_word' id='word_1_177' title='bbox 795 3106 917 3197; x_wconf 81' lang='grc' dir='ltr'>ἀγαθῶν</span> <span class='ocrx_word' id='word_1_178' title='bbox 936 3105 988 3172; x_wconf 83' lang='grc' dir='ltr'>καὶ</span> <span class='ocrx_word' id='word_1_179' title='bbox 1007 3107 1106 3183; x_wconf 88' lang='grc' dir='ltr'>πίονες</span> <span class='ocrx_word' id='word_1_180' title='bbox 1121 3105 1209 3199; x_wconf 88' lang='grc' dir='ltr'>ἀγροὶ</span> 
     </span>
     <span class='ocr_line' id='line_1_27' title="bbox 282 3193 1307 3306; baseline 0.003 -28"><span class='ocrx_word' id='word_1_181' title='bbox 282 3212 347 3302; x_wconf 80' lang='grc'>750</span> <span class='ocrx_word' id='word_1_182' title='bbox 389 3193 538 3279; x_wconf 59' lang='lat' dir='ltr'>licent·</span> <span class='ocrx_word' id='word_1_183' title='bbox 558 3205 628 3280; x_wconf 73' lang='grc' dir='ltr'>οὐδὲ</span> <span class='ocrx_word' id='word_1_184' title='bbox 646 3213 784 3305; x_wconf 85' lang='grc' dir='ltr'>μάχαιρα</span> <span class='ocrx_word' id='word_1_185' title='bbox 803 3210 887 3278; x_wconf 78' lang='grc' dir='ltr'>κατὰ</span> <span class='ocrx_word' id='word_1_186' title='bbox 908 3211 1027 3304; x_wconf 80' lang='grc' dir='ltr'>χθονὸς,</span> <span class='ocrx_word' id='word_1_187' title='bbox 1048 3204 1120 3279; x_wconf 82' lang='grc' dir='ltr'>οὐδὲ</span> <span class='ocrx_word' id='word_1_188' title='bbox 1136 3203 1307 3306; x_wconf 83' lang='grc' dir='ltr'>κυδοιμάς·</span> 
     </span>
    </p>

    <p class='ocr_par' dir='ltr' id='par_1_23' title="bbox 386 3309 1196 3413">
     <span class='ocr_line' id='line_1_28' title="bbox 386 3309 1196 3413; baseline -0.001 -27"><span class='ocrx_word' id='word_1_189' title='bbox 386 3309 470 3386; x_wconf 79' lang='grc' dir='ltr'>Οὐδὲ</span> <span class='ocrx_word' id='word_1_190' title='bbox 489 3321 761 3413; x_wconf 80' lang='grc' dir='ltr'>βαρυστενάχουσα</span> <span class='ocrx_word' id='word_1_191' title='bbox 782 3320 964 3384; x_wconf 88' lang='grc' dir='ltr'>σαλεύσεται</span> <span class='ocrx_word' id='word_1_192' title='bbox 983 3320 1084 3385; x_wconf 80' lang='grc' dir='ltr'>οὐκέτι</span> <span class='ocrx_word' id='word_1_193' title='bbox 1102 3325 1196 3412; x_wconf 84' lang='grc' dir='ltr'>γαῖα·</span> 
     </span>
    </p>

    <p class='ocr_par' dir='ltr' id='par_1_24' title="bbox 275 3418 1401 3749">
     <span class='ocr_line' id='line_1_29' title="bbox 385 3418 1397 3519; baseline 0.004 -29"><span class='ocrx_word' id='word_1_194' title='bbox 385 3426 433 3490; x_wconf 87' lang='grc' dir='ltr'>Οὐ</span> <span class='ocrx_word' id='word_1_195' title='bbox 451 3424 583 3517; x_wconf 80' lang='grc' dir='ltr'>πολεμύς</span> <span class='ocrx_word' id='word_1_196' title='bbox 604 3431 642 3511; x_wconf 80' lang='grc' dir='ltr'>τ’,</span> <span class='ocrx_word' id='word_1_197' title='bbox 662 3418 727 3493; x_wconf 86' lang='grc' dir='ltr'>οὐδ’</span> <span class='ocrx_word' id='word_1_198' title='bbox 744 3423 781 3492; x_wconf 83' lang='grc' dir='ltr'>αὐ</span> <span class='ocrx_word' id='word_1_199' title='bbox 803 3451 838 3519; x_wconf 88' lang='grc' dir='ltr'>γε</span> <span class='ocrx_word' id='word_1_200' title='bbox 856 3422 936 3492; x_wconf 76' lang='grc' dir='ltr'>κατὰ</span> <span class='ocrx_word' id='word_1_201' title='bbox 954 3424 1061 3516; x_wconf 84' lang='grc' dir='ltr'>χθονὸς</span> <span class='ocrx_word' id='word_1_202' title='bbox 1079 3428 1198 3517; x_wconf 73' lang='grc' dir='ltr'>αὐχμὸς</span> <span class='ocrx_word' id='word_1_203' title='bbox 1221 3428 1266 3492; x_wconf 85' lang='grc' dir='ltr'>ἔτ’</span> <span class='ocrx_word' id='word_1_204' title='bbox 1292 3428 1397 3512; x_wconf 84' lang='grc' dir='ltr'>ἔσται,</span> 
     </span>
     <span class='ocr_line' id='line_1_30' title="bbox 277 3597 1401 3665; baseline 0.001 -16"><span class='ocrx_word' id='word_1_205' title='bbox 277 3627 308 3636; x_wconf 93' lang='grc'>-</span> <span class='ocrx_word' id='word_1_206' title='bbox 323 3600 380 3657; x_wconf 75' lang='lat' dir='ltr'>tot,</span> <span class='ocrx_word' id='word_1_207' title='bbox 393 3614 446 3665; x_wconf 83' lang='lat' dir='ltr'>sqq.</span> <span class='ocrx_word' id='word_1_208' title='bbox 463 3597 606 3650; x_wconf 78' lang='lat' dir='ltr'>Exhortatio</span> <span class='ocrx_word' id='word_1_209' title='bbox 621 3601 653 3649; x_wconf 83' lang='lat' dir='ltr'>sd</span> <span class='ocrx_word' id='word_1_210' title='bbox 664 3599 760 3650; x_wconf 83' lang='lat' dir='ltr'>Graecos</span> <span class='ocrx_word' id='word_1_211' title='bbox 774 3600 808 3665; x_wconf 88' lang='lat' dir='ltr'>[id</span> <span class='ocrx_word' id='word_1_212' title='bbox 820 3609 865 3659; x_wconf 84' lang='lat' dir='ltr'>est,</span> <span class='ocrx_word' id='word_1_213' title='bbox 878 3599 979 3665; x_wconf 77' lang='lat' dir='ltr'>gentiles</span> <span class='ocrx_word' id='word_1_214' title='bbox 993 3598 1129 3665; x_wconf 78' lang='lat' dir='ltr'>AEgyptios]</span> <span class='ocrx_word' id='word_1_215' title='bbox 1142 3608 1169 3648; x_wconf 90' lang='lat' dir='ltr'>ut</span> <span class='ocrx_word' id='word_1_216' title='bbox 1180 3598 1290 3649; x_wconf 78' lang='lat' dir='ltr'>desinent</span> <span class='ocrx_word' id='word_1_217' title='bbox 1303 3599 1401 3650; x_wconf 78' lang='lat' dir='ltr'>Judreos</span> 
     </span>
     <span class='ocr_line' id='line_1_31' title="bbox 275 3682 1401 3749; baseline -0.001 -15"><span class='ocrx_word' id='word_1_218' title='bbox 275 3683 308 3734; x_wconf 79' lang='lat' dir='ltr'>sd</span> <span class='ocrx_word' id='word_1_219' title='bbox 321 3682 439 3733; x_wconf 70' lang='lat' dir='ltr'>auxilium</span> <span class='ocrx_word' id='word_1_220' title='bbox 453 3692 522 3732; x_wconf 78' lang='lat' dir='ltr'>terrae</span> <span class='ocrx_word' id='word_1_221' title='bbox 534 3699 582 3733; x_wconf 83' lang='lat' dir='ltr'>sure</span> <span class='ocrx_word' id='word_1_222' title='bbox 595 3684 759 3743; x_wconf 75' lang='lat' dir='ltr'>convolantes,</span> <span class='ocrx_word' id='word_1_223' title='bbox 776 3684 923 3733; x_wconf 75' lang='lat' dir='ltr'>fervescente</span> <span class='ocrx_word' id='word_1_224' title='bbox 934 3684 972 3733; x_wconf 83' lang='lat' dir='ltr'>vel</span> <span class='ocrx_word' id='word_1_225' title='bbox 981 3683 1032 3748; x_wconf 80' lang='lat' dir='ltr'>jum</span> <span class='ocrx_word' id='word_1_226' title='bbox 1049 3691 1192 3749; x_wconf 78' lang='lat' dir='ltr'>erumpente</span> <span class='ocrx_word' id='word_1_227' title='bbox 1205 3682 1401 3733; x_wconf 75' lang='lat' dir='ltr'>lischsbeorum</span> 
     </span>
    </p>
   </div>
   <div class='ocr_carea' id='block_1_3' title="bbox 276 3819 1408 4564">
    <p class='ocr_par' dir='ltr' id='par_1_25' title="bbox 276 3819 1408 4564">
     <span class='ocr_line' id='line_1_32' title="bbox 312 3819 1399 3887; baseline 0.003 -17"><span class='ocrx_word' id='word_1_228' title='bbox 312 3823 371 3873; x_wconf 78' lang='lat' dir='ltr'>tto.</span> <span class='ocrx_word' id='word_1_229' title='bbox 389 3820 478 3885; x_wconf 68' lang='lat' dir='ltr'>Codd„</span> <span class='ocrx_word' id='word_1_230' title='bbox 492 3819 596 3878; x_wconf 83' lang='lat' dir='ltr'>inverse,</span> <span class='ocrx_word' id='word_1_231' title='bbox 608 3821 709 3886; x_wconf 88' lang='grc' dir='ltr'>ὐμνοισι</span> <span class='ocrx_word' id='word_1_232' title='bbox 721 3823 791 3887; x_wconf 80' lang='grc' dir='ltr'>τέρψ.</span> <span class='ocrx_word' id='word_1_233' title='bbox 854 3830 937 3871; x_wconf 76' lang='lat' dir='ltr'>eutem</span> <span class='ocrx_word' id='word_1_234' title='bbox 951 3821 1079 3886; x_wconf 79' lang='lat' dir='ltr'>allegorice</span> <span class='ocrx_word' id='word_1_235' title='bbox 1093 3820 1187 3871; x_wconf 79' lang='lat' dir='ltr'>Judoeos</span> <span class='ocrx_word' id='word_1_236' title='bbox 1204 3819 1246 3871; x_wconf 78' lang='lat' dir='ltr'>liic</span> <span class='ocrx_word' id='word_1_237' title='bbox 1257 3821 1399 3887; x_wconf 74' lang='lat' dir='ltr'>designm,</span> 
     </span>
     <span class='ocr_line' id='line_1_33' title="bbox 313 3879 1402 3962; baseline 0.001 -15"><span class='ocrx_word' id='word_1_238' title='bbox 313 3898 372 3947; x_wconf 76' lang='grc'>131.</span> <span class='ocrx_word' id='word_1_239' title='bbox 393 3896 471 3946; x_wconf 86' lang='lat' dir='ltr'>Codd.</span> <span class='ocrx_word' id='word_1_240' title='bbox 487 3894 618 3946; x_wconf 76' lang='lat' dir='ltr'>articulum</span> <span class='ocrx_word' id='word_1_241' title='bbox 630 3898 673 3947; x_wconf 77' lang='grc' dir='ltr'>τόν</span> <span class='ocrx_word' id='word_1_242' title='bbox 688 3897 813 3947; x_wconf 88' lang='lat' dir='ltr'>omittunt.</span> <span class='ocrx_word' id='word_1_243' title='bbox 847 3879 995 3962; x_wconf 75' lang='lat' dir='ltr'>&#39;tunqusme</span> <span class='ocrx_word' id='word_1_244' title='bbox 1008 3897 1136 3946; x_wconf 76' lang='lat' dir='ltr'>Camerino</span> <span class='ocrx_word' id='word_1_245' title='bbox 1150 3914 1192 3946; x_wconf 87' lang='lat' dir='ltr'>seu</span> <span class='ocrx_word' id='word_1_246' title='bbox 1209 3897 1286 3947; x_wconf 88' lang='lat' dir='ltr'>veteri</span> <span class='ocrx_word' id='word_1_247' title='bbox 1300 3897 1336 3948; x_wconf 91' lang='lat' dir='ltr'>Ur</span> <span class='ocrx_word' id='word_1_248' title='bbox 1348 3898 1402 3948; x_wconf 91' lang='lat' dir='ltr'>ori-</span> 
     </span>
     <span class='ocr_line' id='line_1_34' title="bbox 313 3971 1259 4038; baseline 0.002 -18"><span class='ocrx_word' id='word_1_249' title='bbox 313 3974 371 4024; x_wconf 78' lang='grc'>135.</span> <span class='ocrx_word' id='word_1_250' title='bbox 389 3971 465 4021; x_wconf 74' lang='lat' dir='ltr'>Vocet</span> <span class='ocrx_word' id='word_1_251' title='bbox 483 3989 538 4036; x_wconf 81' lang='grc' dir='ltr'>μιν,</span> <span class='ocrx_word' id='word_1_252' title='bbox 554 3981 582 4021; x_wconf 93' lang='lat' dir='ltr'>ut</span> <span class='ocrx_word' id='word_1_253' title='bbox 595 3971 639 4021; x_wconf 91' lang='lat' dir='ltr'>lib.</span> <span class='ocrx_word' id='word_1_254' title='bbox 660 3972 721 4030; x_wconf 89' lang='lat' dir='ltr'>llll,</span> <span class='ocrx_word' id='word_1_255' title='bbox 740 3976 782 4022; x_wconf 93' lang='grc'>111</span> <span class='ocrx_word' id='word_1_256' title='bbox 799 3981 824 4022; x_wconf 88' lang='lat' dir='ltr'>et</span> <span class='ocrx_word' id='word_1_257' title='bbox 856 3973 934 4022; x_wconf 86' lang='lat' dir='ltr'>undos</span> <span class='ocrx_word' id='word_1_258' title='bbox 949 3988 955 4021; x_wconf 94' lang='lat'><strong>:</strong></span> <span class='ocrx_word' id='word_1_259' title='bbox 970 3972 1015 4022; x_wconf 82' lang='lat' dir='ltr'>cir.</span> <span class='ocrx_word' id='word_1_260' title='bbox 1028 3989 1117 4038; x_wconf 79' lang='lat' dir='ltr'>supra,</span> <span class='ocrx_word' id='word_1_261' title='bbox 1133 3972 1185 4029; x_wconf 85' lang='grc' dir='ltr'>ΙΙΙ,</span> <span class='ocrx_word' id='word_1_262' title='bbox 1201 3975 1259 4022; x_wconf 79' lang='grc'>218.</span> 
     </span>
     <span class='ocr_line' id='line_1_35' title="bbox 281 4045 1404 4115; baseline 0.002 -19"><span class='ocrx_word' id='word_1_263' title='bbox 281 4048 344 4105; x_wconf 77' lang='lat' dir='ltr'>tot,</span> <span class='ocrx_word' id='word_1_264' title='bbox 360 4055 436 4112; x_wconf 85' lang='lat' dir='ltr'>utque</span> <span class='ocrx_word' id='word_1_265' title='bbox 457 4049 480 4097; x_wconf 85' lang='grc'>01</span> <span class='ocrx_word' id='word_1_266' title='bbox 501 4045 629 4113; x_wconf 72' lang='lat' dir='ltr'>sepissime</span> <span class='ocrx_word' id='word_1_267' title='bbox 644 4063 694 4096; x_wconf 87' lang='lat' dir='ltr'>non</span> <span class='ocrx_word' id='word_1_268' title='bbox 707 4048 733 4096; x_wconf 91' lang='lat' dir='ltr'>in</span> <span class='ocrx_word' id='word_1_269' title='bbox 745 4046 825 4113; x_wconf 85' lang='lat' dir='ltr'>Sibyl·</span> <span class='ocrx_word' id='word_1_270' title='bbox 890 4051 948 4097; x_wconf 75' lang='lat' dir='ltr'>tut.</span> <span class='ocrx_word' id='word_1_271' title='bbox 967 4045 1090 4115; x_wconf 83' lang='grc' dir='ltr'>Πάρύαλιν</span> <span class='ocrx_word' id='word_1_272' title='bbox 1103 4048 1132 4096; x_wconf 70' lang='grc' dir='ltr'>ἐκ</span> <span class='ocrx_word' id='word_1_273' title='bbox 1142 4049 1242 4106; x_wconf 66' lang='grc' dir='ltr'>κοίτης,</span> <span class='ocrx_word' id='word_1_274' title='bbox 1257 4047 1356 4113; x_wconf 80' lang='lat' dir='ltr'>respicit</span> <span class='ocrx_word' id='word_1_275' title='bbox 1370 4049 1404 4099; x_wconf 82' lang='grc' dir='ltr'>ιιΙ</span> 
     </span>
     <span class='ocr_line' id='line_1_36' title="bbox 277 4121 1406 4189; baseline 0.004 -17"><span class='ocrx_word' id='word_1_276' title='bbox 277 4121 334 4172; x_wconf 88' lang='lat' dir='ltr'>linis</span> <span class='ocrx_word' id='word_1_277' title='bbox 345 4131 450 4184; x_wconf 78' lang='lat' dir='ltr'>tuntum,</span> <span class='ocrx_word' id='word_1_278' title='bbox 459 4122 501 4172; x_wconf 89' lang='lat' dir='ltr'>sed</span> <span class='ocrx_word' id='word_1_279' title='bbox 514 4123 711 4189; x_wconf 87' lang='lat' dir='ltr'>etupudceteros</span> <span class='ocrx_word' id='word_1_280' title='bbox 720 4121 824 4172; x_wconf 71' lang='lat' dir='ltr'>Aleisn-</span> <span class='ocrx_word' id='word_1_281' title='bbox 855 4122 1011 4188; x_wconf 79' lang='lat' dir='ltr'>proverbium</span> <span class='ocrx_word' id='word_1_282' title='bbox 1027 4123 1127 4188; x_wconf 74' lang='lat' dir='ltr'>aliquod</span> <span class='ocrx_word' id='word_1_283' title='bbox 1139 4123 1197 4173; x_wconf 92' lang='lat' dir='ltr'>olim</span> <span class='ocrx_word' id='word_1_284' title='bbox 1212 4124 1334 4188; x_wconf 80' lang='lat' dir='ltr'>vulgatum</span> <span class='ocrx_word' id='word_1_285' title='bbox 1350 4145 1363 4169; x_wconf 86' lang='grc' dir='ltr'>ιι</span> <span class='ocrx_word' id='word_1_286' title='bbox 1372 4126 1406 4176; x_wconf 85' lang='lat' dir='ltr'>de</span> 
     </span>
     <span class='ocr_line' id='line_1_37' title="bbox 277 4195 1406 4262; baseline 0.003 -15"><span class='ocrx_word' id='word_1_287' title='bbox 277 4196 385 4248; x_wconf 85' lang='lat' dir='ltr'>driuos:</span> <span class='ocrx_word' id='word_1_288' title='bbox 407 4195 451 4248; x_wconf 83' lang='lat' dir='ltr'>eir.</span> <span class='ocrx_word' id='word_1_289' title='bbox 473 4198 606 4247; x_wconf 79' lang='lat' dir='ltr'>Excursum</span> <span class='ocrx_word' id='word_1_290' title='bbox 629 4207 740 4248; x_wconf 88' lang='lat' dir='ltr'>nostrum</span> <span class='ocrx_word' id='word_1_291' title='bbox 761 4198 823 4262; x_wconf 87' lang='lat' dir='ltr'>llll,</span> <span class='ocrx_word' id='word_1_292' title='bbox 857 4197 930 4248; x_wconf 80' lang='lat' dir='ltr'>«iera</span> <span class='ocrx_word' id='word_1_293' title='bbox 947 4198 1085 4249; x_wconf 84' lang='lat' dir='ltr'>dormiente</span> <span class='ocrx_word' id='word_1_294' title='bbox 1098 4215 1148 4247; x_wconf 88' lang='lat' dir='ltr'>non</span> <span class='ocrx_word' id='word_1_295' title='bbox 1165 4197 1334 4258; x_wconf 75' lang='lat' dir='ltr'>excitanda»,</span> <span class='ocrx_word' id='word_1_296' title='bbox 1355 4199 1406 4250; x_wconf 89' lang='lat' dir='ltr'>nisi</span> 
     </span>
     <span class='ocr_line' id='line_1_38' title="bbox 278 4272 1407 4341; baseline 0.002 -19"><span class='ocrx_word' id='word_1_297' title='bbox 278 4288 333 4339; x_wconf 82' lang='lat' dir='ltr'>esp.</span> <span class='ocrx_word' id='word_1_298' title='bbox 348 4274 373 4335; x_wconf 83' lang='lat'>8,</span> <span class='ocrx_word' id='word_1_299' title='bbox 388 4281 413 4322; x_wconf 87' lang='lat' dir='ltr'>et</span> <span class='ocrx_word' id='word_1_300' title='bbox 425 4289 499 4339; x_wconf 79' lang='grc' dir='ltr'>συρτει</span> <span class='ocrx_word' id='word_1_301' title='bbox 516 4277 572 4336; x_wconf 82' lang='grc'>113,</span> <span class='ocrx_word' id='word_1_302' title='bbox 588 4277 644 4336; x_wconf 84' lang='grc'>111,</span> <span class='ocrx_word' id='word_1_303' title='bbox 658 4283 706 4323; x_wconf 82' lang='lat' dir='ltr'>etc.</span> <span class='ocrx_word' id='word_1_304' title='bbox 856 4272 919 4324; x_wconf 78' lang='lat' dir='ltr'>forte</span> <span class='ocrx_word' id='word_1_305' title='bbox 941 4275 972 4323; x_wconf 80' lang='lat' dir='ltr'>sd</span> <span class='ocrx_word' id='word_1_306' title='bbox 993 4274 1122 4340; x_wconf 77' lang='lat' dir='ltr'>apologum</span> <span class='ocrx_word' id='word_1_307' title='bbox 1141 4273 1248 4340; x_wconf 80' lang='lat' dir='ltr'>aliquem</span> <span class='ocrx_word' id='word_1_308' title='bbox 1266 4273 1407 4341; x_wconf 80' lang='lat' dir='ltr'>AEsopium,</span> 
     </span>
     <span class='ocr_line' id='line_1_39' title="bbox 313 4346 1407 4414; baseline 0.002 -16"><span class='ocrx_word' id='word_1_309' title='bbox 313 4351 371 4399; x_wconf 77' lang='grc'>136.</span> <span class='ocrx_word' id='word_1_310' title='bbox 390 4346 466 4398; x_wconf 84' lang='lat' dir='ltr'>Notus</span> <span class='ocrx_word' id='word_1_311' title='bbox 476 4363 560 4400; x_wconf 83' lang='lat' dir='ltr'>versus</span> <span class='ocrx_word' id='word_1_312' title='bbox 571 4348 714 4414; x_wconf 72' lang='lat' dir='ltr'>exantiquo</span> <span class='ocrx_word' id='word_1_313' title='bbox 726 4364 826 4414; x_wconf 74' lang='lat' dir='ltr'>prouer-</span> <span class='ocrx_word' id='word_1_314' title='bbox 857 4349 923 4399; x_wconf 83' lang='lat' dir='ltr'>uude</span> <span class='ocrx_word' id='word_1_315' title='bbox 936 4348 1032 4399; x_wconf 82' lang='lat' dir='ltr'>Nicetes</span> <span class='ocrx_word' id='word_1_316' title='bbox 1041 4349 1180 4409; x_wconf 81' lang='lat' dir='ltr'>historicus,</span> <span class='ocrx_word' id='word_1_317' title='bbox 1194 4364 1249 4414; x_wconf 72' lang='lat' dir='ltr'>pig.</span> <span class='ocrx_word' id='word_1_318' title='bbox 1265 4352 1297 4399; x_wconf 80' lang='lat'>89</span> <span class='ocrx_word' id='word_1_319' title='bbox 1311 4366 1316 4377; x_wconf 95' lang='lat'>·</span> <span class='ocrx_word' id='word_1_320' title='bbox 1337 4351 1407 4410; x_wconf 68' lang='lat' dir='ltr'>Milss&#39;</span> 
     </span>
     <span class='ocr_line' id='line_1_40' title="bbox 276 4422 1408 4492; baseline 0.004 -20"><span class='ocrx_word' id='word_1_321' title='bbox 276 4422 319 4474; x_wconf 88' lang='lat' dir='ltr'>bio</span> <span class='ocrx_word' id='word_1_322' title='bbox 330 4422 490 4489; x_wconf 83' lang='lat' dir='ltr'>spudSteph.</span> <span class='ocrx_word' id='word_1_323' title='bbox 505 4423 561 4490; x_wconf 79' lang='lat' dir='ltr'><strong>Byz,</strong></span> <span class='ocrx_word' id='word_1_324' title='bbox 576 4441 599 4475; x_wconf 83' lang='grc' dir='ltr'>ν.</span> <span class='ocrx_word' id='word_1_325' title='bbox 613 4423 752 4490; x_wconf 79' lang='grc' dir='ltr'>Καμάρινα,</span> <span class='ocrx_word' id='word_1_326' title='bbox 762 4423 829 4490; x_wconf 74' lang='lat' dir='ltr'>apud</span> <span class='ocrx_word' id='word_1_327' title='bbox 860 4425 1004 4489; x_wconf 75' lang='grc' dir='ltr'>ἀναγκάζειν</span> <span class='ocrx_word' id='word_1_328' title='bbox 1022 4425 1052 4473; x_wconf 85' lang='grc' dir='ltr'>τὸ</span> <span class='ocrx_word' id='word_1_329' title='bbox 1075 4431 1120 4476; x_wconf 86' lang='grc' dir='ltr'>τοῦ</span> <span class='ocrx_word' id='word_1_330' title='bbox 1140 4424 1219 4490; x_wconf 80' lang='grc' dir='ltr'>μύθου</span> <span class='ocrx_word' id='word_1_331' title='bbox 1235 4425 1319 4492; x_wconf 83' lang='grc' dir='ltr'>θηρίον</span> <span class='ocrx_word' id='word_1_332' title='bbox 1343 4426 1408 4489; x_wconf 73' lang='lat' dir='ltr'>ipu-</span> 
     </span>
     <span class='ocr_line' id='line_1_41' title="bbox 277 4497 1251 4564; baseline -0.002 -14"><span class='ocrx_word' id='word_1_333' title='bbox 277 4498 510 4564; x_wconf 67' lang='lat' dir='ltr'>Virgiliumquoque</span> <span class='ocrx_word' id='word_1_334' title='bbox 519 4497 720 4551; x_wconf 79' lang='lat' dir='ltr'>eintmesstios.</span> <span class='ocrx_word' id='word_1_335' title='bbox 728 4498 830 4549; x_wconf 84' lang='lat' dir='ltr'>Videtur</span> <span class='ocrx_word' id='word_1_336' title='bbox 861 4500 951 4557; x_wconf 77' lang='grc' dir='ltr'>πνέῑειν</span> <span class='ocrx_word' id='word_1_337' title='bbox 967 4501 996 4549; x_wconf 81' lang='grc' dir='ltr'>τὸ</span> <span class='ocrx_word' id='word_1_338' title='bbox 1011 4500 1073 4557; x_wconf 80' lang='grc' dir='ltr'>τέως</span> <span class='ocrx_word' id='word_1_339' title='bbox 1087 4504 1251 4564; x_wconf 78' lang='grc' dir='ltr'>κοιμώμενον.</span> 
     </span>
    </p>
   </div>
   <div class='ocr_carea' id='block_1_4' title="bbox 0 0 1598 5310">
    <p class='ocr_par' dir='ltr' id='par_1_26' title="bbox 0 0 1598 5310">
     <span class='ocr_line' id='line_1_42' title="bbox 0 0 1598 5310; baseline 0 0"><span class='ocrx_word' id='word_1_340' title='bbox 0 0 1598 5310; x_wconf 95' lang='lat' dir='ltr'> </span> 
     </span>
    </p>
   </div>
  </div>
 </body>
</html>
