<?xml version="1.0" encoding="UTF-8"?>
<!DOCTYPE html PUBLIC "-//W3C//DTD XHTML 1.0 Transitional//EN"
    "http://www.w3.org/TR/xhtml1/DTD/xhtml1-transitional.dtd">
<html xmlns="http://www.w3.org/1999/xhtml" xml:lang="en" lang="en">
 <head>
  <title>
</title>
<meta http-equiv="Content-Type" content="text/html;charset=utf-8" />
  <meta name='ocr-system' content='tesseract 3.04.00' />
  <meta name='ocr-capabilities' content='ocr_page ocr_carea ocr_par ocr_line ocrx_word'/>
</head>
<body>
  <div class='ocr_page' id='page_1' title='image "./oraculasibyllin00alexgoog/oraculasibyllin00alexgoog_0355.png"; bbox 0 0 3186 5310; ppageno 0'>
   <div class='ocr_carea' id='block_1_1' title="bbox 230 403 1019 468">
    <p class='ocr_par' dir='ltr' id='par_1_1' title="bbox 230 403 1019 468">
     <span class='ocr_line' id='line_1_1' title="bbox 230 403 1019 468; baseline 0.011 -9"><span class='ocrx_word' id='word_1_1' title='bbox 230 403 288 461; x_wconf 80' lang='grc'>296</span> <span class='ocrx_word' id='word_1_2' title='bbox 550 408 804 468; x_wconf 79' lang='grc' dir='ltr'><strong>ΣΙΒΥΛΛΙΑΚΩΝ</strong></span> <span class='ocrx_word' id='word_1_3' title='bbox 827 410 951 468; x_wconf 82' lang='grc' dir='ltr'><strong>ΛΟΓΟΣ</strong></span> <span class='ocrx_word' id='word_1_4' title='bbox 971 409 1019 468; x_wconf 78' lang='lat' dir='ltr'><strong>lll.</strong></span> 
     </span>
    </p>
   </div>
   <div class='ocr_carea' id='block_1_2' title="bbox 232 548 1234 3737">
    <p class='ocr_par' dir='ltr' id='par_1_2' title="bbox 232 548 1127 755">
     <span class='ocr_line' id='line_1_2' title="bbox 232 548 1127 645; baseline 0.006 -33"><span class='ocrx_word' id='word_1_5' title='bbox 232 549 294 614; x_wconf 68' lang='grc' dir='ltr'>καί)</span> <span class='ocrx_word' id='word_1_6' title='bbox 337 553 436 626; x_wconf 89' lang='grc' dir='ltr'>Ζηλου</span> <span class='ocrx_word' id='word_1_7' title='bbox 455 552 606 645; x_wconf 74' lang='grc' dir='ltr'>κοιρανίης</span> <span class='ocrx_word' id='word_1_8' title='bbox 620 557 736 621; x_wconf 81' lang='grc' dir='ltr'>ἕνεκεν·</span> <span class='ocrx_word' id='word_1_9' title='bbox 757 556 866 622; x_wconf 88' lang='grc' dir='ltr'>πολλοὶ</span> <span class='ocrx_word' id='word_1_10' title='bbox 888 548 917 620; x_wconf 87' lang='grc' dir='ltr'>δ’</span> <span class='ocrx_word' id='word_1_11' title='bbox 938 557 1127 622; x_wconf 76' lang='grc' dir='ltr'>ἀπολοῦνται</span> 
     </span>
     <span class='ocr_line' id='line_1_3' title="bbox 340 644 1092 755; baseline 0 -31"><span class='ocrx_word' id='word_1_12' title='bbox 340 650 547 727; x_wconf 87' lang='grc' dir='ltr'>Παλλαδίοισι</span> <span class='ocrx_word' id='word_1_13' title='bbox 565 653 702 752; x_wconf 77' lang='grc' dir='ltr'>δόμοισιν</span> <span class='ocrx_word' id='word_1_14' title='bbox 723 664 775 729; x_wconf 87' lang='grc' dir='ltr'>ὑπ’</span> <span class='ocrx_word' id='word_1_15' title='bbox 793 644 894 755; x_wconf 77' lang='grc' dir='ltr'>Ᾰρηος</span> <span class='ocrx_word' id='word_1_16' title='bbox 910 660 1092 752; x_wconf 75' lang='grc' dir='ltr'>παλαμάων.</span> 
     </span>
    </p>

    <p class='ocr_par' dir='ltr' id='par_1_3' title="bbox 240 754 1136 1072">
     <span class='ocr_line' id='line_1_4' title="bbox 240 754 1119 860; baseline 0.003 -32"><span class='ocrx_word' id='word_1_17' title='bbox 240 788 241 791; x_wconf 67' lang='grc'>’</span> <span class='ocrx_word' id='word_1_18' title='bbox 338 764 402 830; x_wconf 83' lang='grc' dir='ltr'>Καὶ</span> <span class='ocrx_word' id='word_1_19' title='bbox 417 767 488 832; x_wconf 84' lang='grc' dir='ltr'>τότε</span> <span class='ocrx_word' id='word_1_20' title='bbox 507 768 646 859; x_wconf 82' lang='grc' dir='ltr'>χηρεύσει</span> <span class='ocrx_word' id='word_1_21' title='bbox 659 754 766 860; x_wconf 66' lang='grc' dir='ltr'>Ῥώμη,</span> <span class='ocrx_word' id='word_1_22' title='bbox 788 768 839 834; x_wconf 90' lang='grc' dir='ltr'>καὶ</span> <span class='ocrx_word' id='word_1_23' title='bbox 857 771 948 835; x_wconf 87' lang='grc' dir='ltr'>πάντ’</span> <span class='ocrx_word' id='word_1_24' title='bbox 967 766 1119 847; x_wconf 75' lang='grc' dir='ltr'>ἀποτίσει,</span> 
     </span>
     <span class='ocr_line' id='line_1_5' title="bbox 340 852 1131 966; baseline 0.004 -31"><span class='ocrx_word' id='word_1_25' title='bbox 340 852 430 937; x_wconf 68' lang='grc' dir='ltr'>ὄσσα</span> <span class='ocrx_word' id='word_1_26' title='bbox 444 871 539 964; x_wconf 90' lang='grc' dir='ltr'>πάρος</span> <span class='ocrx_word' id='word_1_27' title='bbox 553 877 647 965; x_wconf 85' lang='grc' dir='ltr'>μοόνη</span> <span class='ocrx_word' id='word_1_28' title='bbox 664 877 808 966; x_wconf 80' lang='grc' dir='ltr'>πολέμοις</span> <span class='ocrx_word' id='word_1_29' title='bbox 826 880 981 942; x_wconf 86' lang='grc' dir='ltr'>πολλοῖσιν</span> <span class='ocrx_word' id='word_1_30' title='bbox 994 865 1131 965; x_wconf 81' lang='grc' dir='ltr'>ἔδρασεν.</span> 
     </span>
     <span class='ocr_line' id='line_1_6' title="bbox 342 972 1136 1072; baseline 0.005 -30"><span class='ocrx_word' id='word_1_31' title='bbox 342 977 450 1045; x_wconf 83' lang='grc' dir='ltr'>Κλαίει</span> <span class='ocrx_word' id='word_1_32' title='bbox 469 1007 520 1071; x_wconf 88' lang='grc' dir='ltr'>μοι</span> <span class='ocrx_word' id='word_1_33' title='bbox 539 972 661 1071; x_wconf 89' lang='grc' dir='ltr'>κραδίη,</span> <span class='ocrx_word' id='word_1_34' title='bbox 677 981 773 1047; x_wconf 85' lang='grc' dir='ltr'>κλαίει</span> <span class='ocrx_word' id='word_1_35' title='bbox 789 973 824 1048; x_wconf 85' lang='grc' dir='ltr'>δέ</span> <span class='ocrx_word' id='word_1_36' title='bbox 842 1008 894 1072; x_wconf 86' lang='grc' dir='ltr'>μοι</span> <span class='ocrx_word' id='word_1_37' title='bbox 910 972 1030 1048; x_wconf 84' lang='grc' dir='ltr'>ἔνδοθεν</span> <span class='ocrx_word' id='word_1_38' title='bbox 1048 975 1136 1068; x_wconf 74' lang='grc' dir='ltr'>ἦτορ.</span> 
     </span>
    </p>

    <p class='ocr_par' dir='ltr' id='par_1_4' title="bbox 237 1068 1128 1179">
     <span class='ocr_line' id='line_1_7' title="bbox 237 1068 1128 1179; baseline -0.001 -27"><span class='ocrx_word' id='word_1_39' title='bbox 237 1088 300 1152; x_wconf 82' lang='lat'>230</span> <span class='ocrx_word' id='word_1_40' title='bbox 341 1068 440 1161; x_wconf 70' lang='grc' dir='ltr'>Ιῖξότε</span> <span class='ocrx_word' id='word_1_41' title='bbox 462 1084 520 1179; x_wconf 86' lang='grc' dir='ltr'>γάρ</span> <span class='ocrx_word' id='word_1_42' title='bbox 539 1097 658 1177; x_wconf 87' lang='grc' dir='ltr'>πρῶτος</span> <span class='ocrx_word' id='word_1_43' title='bbox 680 1091 833 1172; x_wconf 84' lang='grc' dir='ltr'>βασιλεὺς,</span> <span class='ocrx_word' id='word_1_44' title='bbox 853 1085 1002 1177; x_wconf 77' lang='grc' dir='ltr'>ὑψαύχενα</span> <span class='ocrx_word' id='word_1_45' title='bbox 1020 1071 1128 1176; x_wconf 64' lang='grc' dir='ltr'>ῥώμη,</span> 
     </span>
    </p>

    <p class='ocr_par' dir='ltr' id='par_1_5' title="bbox 309 1167 1196 1497">
     <span class='ocr_line' id='line_1_8' title="bbox 309 1167 1139 1285; baseline 0.004 -30"><span class='ocrx_word' id='word_1_46' title='bbox 309 1278 312 1285; x_wconf 19' lang='grc' dir='ltr'><strong>Δ</strong></span> <span class='ocrx_word' id='word_1_47' title='bbox 341 1167 385 1269; x_wconf 70' lang='grc' dir='ltr'>ὸς</span> <span class='ocrx_word' id='word_1_48' title='bbox 402 1193 495 1283; x_wconf 88' lang='grc' dir='ltr'>νόμον</span> <span class='ocrx_word' id='word_1_49' title='bbox 515 1193 620 1258; x_wconf 81' lang='grc' dir='ltr'>ἐσθλὸν</span> <span class='ocrx_word' id='word_1_50' title='bbox 640 1194 741 1266; x_wconf 86' lang='grc' dir='ltr'>έθηκεν</span> <span class='ocrx_word' id='word_1_51' title='bbox 757 1193 938 1285; x_wconf 80' lang='grc' dir='ltr'>ἐπιχθονίοις</span> <span class='ocrx_word' id='word_1_52' title='bbox 957 1195 1139 1281; x_wconf 78' lang='grc' dir='ltr'>ἀνθρώποις,</span> 
     </span>
     <span class='ocr_line' id='line_1_9' title="bbox 334 1297 1196 1394; baseline 0.001 -32"><span class='ocrx_word' id='word_1_53' title='bbox 334 1298 396 1363; x_wconf 84' lang='grc' dir='ltr'>Καὶ</span> <span class='ocrx_word' id='word_1_54' title='bbox 411 1300 513 1391; x_wconf 82' lang='grc' dir='ltr'>Λόγος</span> <span class='ocrx_word' id='word_1_55' title='bbox 529 1297 682 1366; x_wconf 76' lang='grc' dir='ltr'>ἀθανάτου</span> <span class='ocrx_word' id='word_1_56' title='bbox 700 1300 832 1394; x_wconf 86' lang='grc' dir='ltr'>μεγαλου</span> <span class='ocrx_word' id='word_1_57' title='bbox 851 1303 928 1367; x_wconf 79' lang='grc' dir='ltr'>Θεοῦ</span> <span class='ocrx_word' id='word_1_58' title='bbox 944 1298 1050 1374; x_wconf 75' lang='grc' dir='ltr'>ἤλυθεν</span> <span class='ocrx_word' id='word_1_59' title='bbox 1071 1299 1111 1377; x_wconf 85' lang='grc' dir='ltr'>εἰς</span> <span class='ocrx_word' id='word_1_60' title='bbox 1126 1309 1196 1392; x_wconf 76' lang='grc' dir='ltr'>γῆν,</span> 
     </span>
     <span class='ocr_line' id='line_1_10' title="bbox 339 1388 1094 1497; baseline 0.004 -28"><span class='ocrx_word' id='word_1_61' title='bbox 339 1388 622 1497; x_wconf 70' lang='grc' dir='ltr'>Ῑῖννεακαιδεκάτης</span> <span class='ocrx_word' id='word_1_62' title='bbox 646 1400 822 1488; x_wconf 82' lang='grc' dir='ltr'>βασιληίδος</span> <span class='ocrx_word' id='word_1_63' title='bbox 844 1403 916 1497; x_wconf 86' lang='grc' dir='ltr'>ἀχρι</span> <span class='ocrx_word' id='word_1_64' title='bbox 940 1414 1094 1488; x_wconf 72' lang='grc' dir='ltr'>τελευτῆς,</span> 
     </span>
    </p>

    <p class='ocr_par' dir='ltr' id='par_1_6' title="bbox 341 1504 1029 1600">
     <span class='ocr_line' id='line_1_11' title="bbox 341 1504 1029 1600; baseline 0.006 -27"><span class='ocrx_word' id='word_1_65' title='bbox 341 1510 395 1589; x_wconf 87' lang='grc' dir='ltr'>Δὶς</span> <span class='ocrx_word' id='word_1_66' title='bbox 414 1513 524 1577; x_wconf 78' lang='grc' dir='ltr'>ἑκατὸν</span> <span class='ocrx_word' id='word_1_67' title='bbox 545 1504 592 1590; x_wconf 87' lang='grc' dir='ltr'>δὶς</span> <span class='ocrx_word' id='word_1_68' title='bbox 608 1513 702 1579; x_wconf 79' lang='grc' dir='ltr'>εἴκοσι</span> <span class='ocrx_word' id='word_1_69' title='bbox 721 1506 769 1589; x_wconf 88' lang='grc' dir='ltr'>δὶς</span> <span class='ocrx_word' id='word_1_70' title='bbox 788 1505 843 1579; x_wconf 82' lang='grc' dir='ltr'>δύο</span> <span class='ocrx_word' id='word_1_71' title='bbox 863 1515 1029 1600; x_wconf 85' lang='grc' dir='ltr'>πληρῶσειε</span> 
     </span>
    </p>

    <p class='ocr_par' dir='ltr' id='par_1_7' title="bbox 236 1613 1216 2138">
     <span class='ocr_line' id='line_1_12' title="bbox 236 1613 1216 1712; baseline -0.001 -28"><span class='ocrx_word' id='word_1_72' title='bbox 236 1618 298 1685; x_wconf 81' lang='lat'>235</span> <span class='ocrx_word' id='word_1_73' title='bbox 340 1617 424 1708; x_wconf 86' lang='grc' dir='ltr'>Πρὸς</span> <span class='ocrx_word' id='word_1_74' title='bbox 439 1626 501 1696; x_wconf 83' lang='grc' dir='ltr'>τοῖς</span> <span class='ocrx_word' id='word_1_75' title='bbox 520 1613 552 1696; x_wconf 76' lang='grc' dir='ltr'>ἓξ</span> <span class='ocrx_word' id='word_1_76' title='bbox 572 1619 661 1707; x_wconf 88' lang='grc' dir='ltr'>μησὶν</span> <span class='ocrx_word' id='word_1_77' title='bbox 680 1623 779 1710; x_wconf 84' lang='grc' dir='ltr'>ἕτερον</span> <span class='ocrx_word' id='word_1_78' title='bbox 796 1620 915 1711; x_wconf 87' lang='grc' dir='ltr'>χρόνον.</span> <span class='ocrx_word' id='word_1_79' title='bbox 973 1613 1054 1685; x_wconf 83' lang='grc' dir='ltr'>Εἶτα</span> <span class='ocrx_word' id='word_1_80' title='bbox 1073 1618 1216 1712; x_wconf 75' lang='grc' dir='ltr'>γενέθλην</span> 
     </span>
     <span class='ocr_line' id='line_1_13' title="bbox 342 1722 1118 1816; baseline 0 -27"><span class='ocrx_word' id='word_1_81' title='bbox 342 1726 447 1816; x_wconf 75' lang='grc' dir='ltr'>Χηρην</span> <span class='ocrx_word' id='word_1_82' title='bbox 460 1722 593 1803; x_wconf 74' lang='grc' dir='ltr'>εἰκοστός</span> <span class='ocrx_word' id='word_1_83' title='bbox 614 1727 766 1812; x_wconf 81' lang='grc' dir='ltr'>βασιλεὺς,</span> <span class='ocrx_word' id='word_1_84' title='bbox 784 1727 837 1791; x_wconf 85' lang='grc' dir='ltr'>ὅτε</span> <span class='ocrx_word' id='word_1_85' title='bbox 860 1732 939 1791; x_wconf 84' lang='grc' dir='ltr'>σοῖσι</span> <span class='ocrx_word' id='word_1_86' title='bbox 960 1725 1118 1816; x_wconf 75' lang='grc' dir='ltr'>μελάθροις</span> 
     </span>
     <span class='ocr_line' id='line_1_14' title="bbox 341 1826 1093 1924; baseline 0 -28"><span class='ocrx_word' id='word_1_87' title='bbox 341 1830 494 1923; x_wconf 88' lang='grc' dir='ltr'>Φασγάνῳ</span> <span class='ocrx_word' id='word_1_88' title='bbox 514 1826 590 1921; x_wconf 85' lang='grc' dir='ltr'>αἷμα</span> <span class='ocrx_word' id='word_1_89' title='bbox 607 1833 662 1924; x_wconf 71' lang='grc' dir='ltr'>χέῃ</span> <span class='ocrx_word' id='word_1_90' title='bbox 682 1826 885 1923; x_wconf 73' lang='grc' dir='ltr'>βεθολημίνος</span> <span class='ocrx_word' id='word_1_91' title='bbox 900 1826 961 1910; x_wconf 78' lang='grc' dir='ltr'>όξέῐ</span> <span class='ocrx_word' id='word_1_92' title='bbox 974 1837 1093 1922; x_wconf 84' lang='grc' dir='ltr'>χαλκῶ,</span> 
     </span>
     <span class='ocr_line' id='line_1_15' title="bbox 342 1921 1095 2031; baseline 0.001 -30"><span class='ocrx_word' id='word_1_93' title='bbox 342 1921 523 2031; x_wconf 78' lang='grc' dir='ltr'>ογδώκοντ’</span> <span class='ocrx_word' id='word_1_94' title='bbox 542 1937 674 2030; x_wconf 86' lang='grc' dir='ltr'>ἀριθμῶν</span> <span class='ocrx_word' id='word_1_95' title='bbox 688 1942 787 2030; x_wconf 83' lang='grc' dir='ltr'>ἕτερον</span> <span class='ocrx_word' id='word_1_96' title='bbox 805 1948 952 2029; x_wconf 84' lang='grc' dir='ltr'>στοιχεῖον</span> <span class='ocrx_word' id='word_1_97' title='bbox 970 1935 985 2004; x_wconf 84' lang='grc' dir='ltr'><strong>ὃ</strong></span> <span class='ocrx_word' id='word_1_98' title='bbox 1005 1930 1095 2012; x_wconf 83' lang='grc' dir='ltr'>δηλοῖ</span> 
     </span>
     <span class='ocr_line' id='line_1_16' title="bbox 342 2036 1187 2138; baseline -0.004 -27"><span class='ocrx_word' id='word_1_99' title='bbox 342 2046 485 2134; x_wconf 81' lang='grc' dir='ltr'>Οόνομα,</span> <span class='ocrx_word' id='word_1_100' title='bbox 506 2045 558 2111; x_wconf 88' lang='grc' dir='ltr'>καὶ</span> <span class='ocrx_word' id='word_1_101' title='bbox 578 2047 655 2138; x_wconf 85' lang='grc' dir='ltr'>βαρὺ</span> <span class='ocrx_word' id='word_1_102' title='bbox 674 2055 770 2138; x_wconf 78' lang='grc' dir='ltr'>γῆρας</span> <span class='ocrx_word' id='word_1_103' title='bbox 789 2047 884 2137; x_wconf 83' lang='grc' dir='ltr'>ἔχων·</span> <span class='ocrx_word' id='word_1_104' title='bbox 901 2049 996 2138; x_wconf 75' lang='grc' dir='ltr'>χάρην</span> <span class='ocrx_word' id='word_1_105' title='bbox 1013 2036 1047 2110; x_wconf 86' lang='grc' dir='ltr'>δὲ</span> <span class='ocrx_word' id='word_1_106' title='bbox 1066 2047 1187 2118; x_wconf 71' lang='grc' dir='ltr'>ποιησει</span> 
     </span>
    </p>

    <p class='ocr_par' dir='ltr' id='par_1_8' title="bbox 237 2149 1181 2671">
     <span class='ocr_line' id='line_1_17' title="bbox 237 2149 1109 2244; baseline -0.002 -26"><span class='ocrx_word' id='word_1_107' title='bbox 237 2158 301 2232; x_wconf 74' lang='grc' dir='ltr'>αάο</span> <span class='ocrx_word' id='word_1_108' title='bbox 340 2149 394 2216; x_wconf 86' lang='grc' dir='ltr'>Εἰν</span> <span class='ocrx_word' id='word_1_109' title='bbox 414 2151 506 2243; x_wconf 88' lang='grc' dir='ltr'>ὀλίγῳ</span> <span class='ocrx_word' id='word_1_110' title='bbox 524 2164 631 2244; x_wconf 83' lang='grc' dir='ltr'>καιρῷ,</span> <span class='ocrx_word' id='word_1_111' title='bbox 650 2155 767 2219; x_wconf 86' lang='grc' dir='ltr'>ὁπόταν</span> <span class='ocrx_word' id='word_1_112' title='bbox 788 2153 898 2219; x_wconf 88' lang='grc' dir='ltr'>πολλοὶ</span> <span class='ocrx_word' id='word_1_113' title='bbox 916 2151 1109 2242; x_wconf 87' lang='grc' dir='ltr'>πολεμισταὶ,</span> 
     </span>
     <span class='ocr_line' id='line_1_18' title="bbox 343 2249 1131 2351; baseline 0 -28"><span class='ocrx_word' id='word_1_114' title='bbox 343 2257 461 2324; x_wconf 86' lang='grc' dir='ltr'>Πολλοὶ</span> <span class='ocrx_word' id='word_1_115' title='bbox 475 2258 639 2350; x_wconf 85' lang='grc' dir='ltr'>πρηνισμοί</span> <span class='ocrx_word' id='word_1_116' title='bbox 654 2284 688 2325; x_wconf 88' lang='grc' dir='ltr'>τε</span> <span class='ocrx_word' id='word_1_117' title='bbox 703 2259 790 2349; x_wconf 78' lang='grc' dir='ltr'>φόνοι</span> <span class='ocrx_word' id='word_1_118' title='bbox 806 2264 834 2326; x_wconf 87' lang='grc' dir='ltr'>τ’</span> <span class='ocrx_word' id='word_1_119' title='bbox 848 2249 1065 2351; x_wconf 72' lang='grc' dir='ltr'>ἀνδροκτασίαι</span> <span class='ocrx_word' id='word_1_120' title='bbox 1084 2284 1131 2342; x_wconf 83' lang='grc' dir='ltr'>τι,</span> 
     </span>
     <span class='ocr_line' id='line_1_19' title="bbox 343 2356 1078 2456; baseline -0.003 -25"><span class='ocrx_word' id='word_1_121' title='bbox 343 2362 517 2455; x_wconf 82' lang='grc' dir='ltr'>Οὐλόμεναί</span> <span class='ocrx_word' id='word_1_122' title='bbox 529 2369 557 2430; x_wconf 91' lang='grc' dir='ltr'>τ’</span> <span class='ocrx_word' id='word_1_123' title='bbox 574 2356 669 2456; x_wconf 81' lang='grc' dir='ltr'>ἔριδες</span> <span class='ocrx_word' id='word_1_124' title='bbox 688 2365 740 2431; x_wconf 89' lang='grc' dir='ltr'>καὶ</span> <span class='ocrx_word' id='word_1_125' title='bbox 758 2358 862 2452; x_wconf 74' lang='grc' dir='ltr'>όῖζόες,</span> <span class='ocrx_word' id='word_1_126' title='bbox 881 2367 977 2431; x_wconf 87' lang='grc' dir='ltr'>εἵνεκα</span> <span class='ocrx_word' id='word_1_127' title='bbox 994 2363 1078 2441; x_wconf 84' lang='grc' dir='ltr'>νίκης</span> 
     </span>
     <span class='ocr_line' id='line_1_20' title="bbox 344 2460 1181 2562; baseline 0.002 -28"><span class='ocrx_word' id='word_1_128' title='bbox 344 2469 522 2561; x_wconf 82' lang='grc' dir='ltr'>Κοιρανίης·</span> <span class='ocrx_word' id='word_1_129' title='bbox 543 2471 653 2539; x_wconf 87' lang='grc' dir='ltr'>πολλοί</span> <span class='ocrx_word' id='word_1_130' title='bbox 668 2476 697 2538; x_wconf 88' lang='grc' dir='ltr'>τ’</span> <span class='ocrx_word' id='word_1_131' title='bbox 719 2466 822 2562; x_wconf 75' lang='grc' dir='ltr'>ἐπιμὶξ</span> <span class='ocrx_word' id='word_1_132' title='bbox 840 2475 931 2538; x_wconf 84' lang='grc' dir='ltr'>ἵπποι</span> <span class='ocrx_word' id='word_1_133' title='bbox 949 2497 983 2536; x_wconf 88' lang='grc' dir='ltr'>τε</span> <span class='ocrx_word' id='word_1_134' title='bbox 1001 2467 1052 2537; x_wconf 89' lang='grc' dir='ltr'>καὶ</span> <span class='ocrx_word' id='word_1_135' title='bbox 1074 2460 1181 2561; x_wconf 85' lang='grc' dir='ltr'>ἀνδρες</span> 
     </span>
     <span class='ocr_line' id='line_1_21' title="bbox 342 2558 1119 2671; baseline 0.003 -31"><span class='ocrx_word' id='word_1_136' title='bbox 342 2558 385 2641; x_wconf 66' lang='grc' dir='ltr'>Ἐν</span> <span class='ocrx_word' id='word_1_137' title='bbox 404 2569 534 2663; x_wconf 85' lang='grc' dir='ltr'>δαπέδῳ</span> <span class='ocrx_word' id='word_1_138' title='bbox 549 2583 708 2668; x_wconf 85' lang='grc' dir='ltr'>πολέμοισι</span> <span class='ocrx_word' id='word_1_139' title='bbox 727 2564 930 2671; x_wconf 59' lang='grc' dir='ltr'>[δαϊζόμεναι]</span> <span class='ocrx_word' id='word_1_140' title='bbox 950 2577 1119 2644; x_wconf 81' lang='grc' dir='ltr'>πεσέονται.</span> 
     </span>
    </p>

    <p class='ocr_par' dir='ltr' id='par_1_9' title="bbox 238 2674 1186 3202">
     <span class='ocr_line' id='line_1_22' title="bbox 238 2674 1186 2774; baseline -0.003 -22"><span class='ocrx_word' id='word_1_141' title='bbox 238 2687 302 2765; x_wconf 73' lang='grc' dir='ltr'>αάῶ</span> <span class='ocrx_word' id='word_1_142' title='bbox 396 2683 458 2749; x_wconf 84' lang='grc' dir='ltr'>Καὶ</span> <span class='ocrx_word' id='word_1_143' title='bbox 478 2685 549 2751; x_wconf 88' lang='grc' dir='ltr'>τότε</span> <span class='ocrx_word' id='word_1_144' title='bbox 565 2674 594 2748; x_wconf 89' lang='grc' dir='ltr'>δ’</span> <span class='ocrx_word' id='word_1_145' title='bbox 614 2682 705 2762; x_wconf 87' lang='grc' dir='ltr'>ἀλλος</span> <span class='ocrx_word' id='word_1_146' title='bbox 721 2688 794 2774; x_wconf 74' lang='grc' dir='ltr'>ἀνὴρ</span> <span class='ocrx_word' id='word_1_147' title='bbox 812 2680 875 2762; x_wconf 81' lang='grc' dir='ltr'>ἥξει</span> <span class='ocrx_word' id='word_1_148' title='bbox 895 2676 1028 2750; x_wconf 88' lang='grc' dir='ltr'>δεκάτου</span> <span class='ocrx_word' id='word_1_149' title='bbox 1047 2683 1186 2774; x_wconf 84' lang='grc' dir='ltr'>ἀριθμοῖο</span> 
     </span>
     <span class='ocr_line' id='line_1_23' title="bbox 343 2789 1099 2882; baseline 0.001 -29"><span class='ocrx_word' id='word_1_150' title='bbox 343 2789 525 2881; x_wconf 86' lang='grc' dir='ltr'>Οὐνόματος</span> <span class='ocrx_word' id='word_1_151' title='bbox 541 2796 662 2881; x_wconf 87' lang='grc' dir='ltr'>σημεῖον</span> <span class='ocrx_word' id='word_1_152' title='bbox 684 2791 772 2882; x_wconf 81' lang='grc' dir='ltr'>ἔχων,</span> <span class='ocrx_word' id='word_1_153' title='bbox 791 2792 842 2856; x_wconf 90' lang='grc' dir='ltr'>καὶ</span> <span class='ocrx_word' id='word_1_154' title='bbox 861 2789 961 2856; x_wconf 81' lang='grc' dir='ltr'>πολλὰ</span> <span class='ocrx_word' id='word_1_155' title='bbox 980 2794 1099 2862; x_wconf 76' lang='grc' dir='ltr'>ποιησει</span> 
     </span>
     <span class='ocr_line' id='line_1_24' title="bbox 343 2881 1181 2988; baseline -0.004 -24"><span class='ocrx_word' id='word_1_156' title='bbox 343 2881 449 2987; x_wconf 82' lang='grc' dir='ltr'>Ᾰλγεα</span> <span class='ocrx_word' id='word_1_157' title='bbox 467 2895 519 2962; x_wconf 87' lang='grc' dir='ltr'>καὶ</span> <span class='ocrx_word' id='word_1_158' title='bbox 533 2894 693 2988; x_wconf 78' lang='grc' dir='ltr'>στοναχάς,</span> <span class='ocrx_word' id='word_1_159' title='bbox 710 2897 840 2973; x_wconf 84' lang='grc' dir='ltr'>πολλοὺς</span> <span class='ocrx_word' id='word_1_160' title='bbox 859 2889 894 2962; x_wconf 83' lang='grc' dir='ltr'>δέ</span> <span class='ocrx_word' id='word_1_161' title='bbox 912 2923 961 2963; x_wconf 88' lang='grc' dir='ltr'>τοι</span> <span class='ocrx_word' id='word_1_162' title='bbox 978 2890 1181 2974; x_wconf 72' lang='grc' dir='ltr'>ἐξαλαπάξει·</span> 
     </span>
     <span class='ocr_line' id='line_1_25' title="bbox 342 2987 1140 3093; baseline 0.003 -25"><span class='ocrx_word' id='word_1_163' title='bbox 342 2987 504 3093; x_wconf 76' lang='grc' dir='ltr'>ίλκόμορος</span> <span class='ocrx_word' id='word_1_164' title='bbox 519 2994 548 3069; x_wconf 82' lang='grc' dir='ltr'>δ’</span> <span class='ocrx_word' id='word_1_165' title='bbox 563 3004 654 3080; x_wconf 82' lang='grc' dir='ltr'>αὐτὸς</span> <span class='ocrx_word' id='word_1_166' title='bbox 668 3003 760 3071; x_wconf 90' lang='grc' dir='ltr'>πάλιν</span> <span class='ocrx_word' id='word_1_167' title='bbox 781 3004 912 3088; x_wconf 82' lang='grc' dir='ltr'>ἔσσεται,</span> <span class='ocrx_word' id='word_1_168' title='bbox 931 2994 987 3077; x_wconf 72' lang='grc' dir='ltr'>ἠδὲ</span> <span class='ocrx_word' id='word_1_169' title='bbox 1004 3008 1140 3070; x_wconf 83' lang='grc' dir='ltr'>πεσεῖται</span> 
     </span>
     <span class='ocr_line' id='line_1_26' title="bbox 343 3092 996 3202; baseline 0 -27"><span class='ocrx_word' id='word_1_170' title='bbox 343 3092 423 3199; x_wconf 76' lang='grc' dir='ltr'>Ᾰρηῖ</span> <span class='ocrx_word' id='word_1_171' title='bbox 440 3120 589 3202; x_wconf 83' lang='grc' dir='ltr'>κρατερῷ,</span> <span class='ocrx_word' id='word_1_172' title='bbox 611 3109 730 3193; x_wconf 84' lang='grc' dir='ltr'>βληθεὶς</span> <span class='ocrx_word' id='word_1_173' title='bbox 747 3108 851 3176; x_wconf 84' lang='grc' dir='ltr'>α’ίθωνι</span> <span class='ocrx_word' id='word_1_174' title='bbox 870 3103 996 3201; x_wconf 76' lang='grc' dir='ltr'>σιδάρῳ.</span> 
     </span>
    </p>

    <p class='ocr_par' dir='ltr' id='par_1_10' title="bbox 238 3198 1175 3416">
     <span class='ocr_line' id='line_1_27' title="bbox 238 3198 1175 3308; baseline -0.003 -24"><span class='ocrx_word' id='word_1_175' title='bbox 238 3218 301 3284; x_wconf 80' lang='lat'>250</span> <span class='ocrx_word' id='word_1_176' title='bbox 394 3198 495 3292; x_wconf 83' lang='grc' dir='ltr'>Ᾰλλος</span> <span class='ocrx_word' id='word_1_177' title='bbox 512 3218 691 3290; x_wconf 70' lang='grc' dir='ltr'>πεντήκοντ’</span> <span class='ocrx_word' id='word_1_178' title='bbox 711 3217 844 3307; x_wconf 83' lang='grc' dir='ltr'>ἀριθμῶν</span> <span class='ocrx_word' id='word_1_179' title='bbox 862 3208 927 3293; x_wconf 72' lang='grc' dir='ltr'>ἥξει</span> <span class='ocrx_word' id='word_1_180' title='bbox 948 3219 1150 3308; x_wconf 71' lang='grc' dir='ltr'>πολεμιστὴς,</span> <span class='ocrx_word' id='word_1_181' title='bbox 1173 3228 1175 3233; x_wconf 85' lang='grc'><strong>’</strong></span> 
     </span>
     <span class='ocr_line' id='line_1_28' title="bbox 343 3321 1053 3416; baseline -0.003 -27"><span class='ocrx_word' id='word_1_182' title='bbox 343 3321 505 3416; x_wconf 84' lang='grc' dir='ltr'>Κοιρανίης</span> <span class='ocrx_word' id='word_1_183' title='bbox 520 3326 613 3389; x_wconf 83' lang='grc' dir='ltr'>ἕνεκεν</span> <span class='ocrx_word' id='word_1_184' title='bbox 633 3324 694 3390; x_wconf 79' lang='grc' dir='ltr'>ἀπὸ</span> <span class='ocrx_word' id='word_1_185' title='bbox 713 3322 855 3401; x_wconf 84' lang='grc' dir='ltr'>ἀντολίης</span> <span class='ocrx_word' id='word_1_186' title='bbox 874 3321 1053 3414; x_wconf 84' lang='grc' dir='ltr'>έπεγερθείς.</span> 
     </span>
    </p>

    <p class='ocr_par' dir='ltr' id='par_1_11' title="bbox 342 3411 1234 3737">
     <span class='ocr_line' id='line_1_29' title="bbox 342 3411 1087 3523; baseline -0.003 -28"><span class='ocrx_word' id='word_1_187' title='bbox 342 3432 444 3523; x_wconf 87' lang='grc' dir='ltr'>Μέχρι</span> <span class='ocrx_word' id='word_1_188' title='bbox 463 3420 497 3494; x_wconf 78' lang='grc' dir='ltr'>δὲ</span> <span class='ocrx_word' id='word_1_189' title='bbox 516 3424 568 3494; x_wconf 84' lang='grc' dir='ltr'>καὶ</span> <span class='ocrx_word' id='word_1_190' title='bbox 586 3432 708 3522; x_wconf 64' lang='grc' dir='ltr'>Θράκης</span> <span class='ocrx_word' id='word_1_191' title='bbox 724 3424 788 3506; x_wconf 75' lang='grc' dir='ltr'>ἥξει</span> <span class='ocrx_word' id='word_1_192' title='bbox 804 3431 969 3521; x_wconf 50' lang='grc' dir='ltr'>πολεμηίίος</span> <span class='ocrx_word' id='word_1_193' title='bbox 987 3411 1087 3520; x_wconf 80' lang='grc' dir='ltr'>Ᾰρης·</span> 
     </span>
     <span class='ocr_line' id='line_1_30' title="bbox 344 3527 1211 3627; baseline -0.001 -24"><span class='ocrx_word' id='word_1_194' title='bbox 344 3536 406 3603; x_wconf 84' lang='grc' dir='ltr'>Καὶ</span> <span class='ocrx_word' id='word_1_195' title='bbox 425 3537 553 3627; x_wconf 84' lang='grc' dir='ltr'>ῳόγεται</span> <span class='ocrx_word' id='word_1_196' title='bbox 571 3537 749 3624; x_wconf 85' lang='grc' dir='ltr'>μετέπειτα,</span> <span class='ocrx_word' id='word_1_197' title='bbox 765 3536 816 3601; x_wconf 86' lang='grc' dir='ltr'>καὶ</span> <span class='ocrx_word' id='word_1_198' title='bbox 829 3535 869 3614; x_wconf 88' lang='grc' dir='ltr'>εἰς</span> <span class='ocrx_word' id='word_1_199' title='bbox 890 3535 1018 3601; x_wconf 78' lang='grc' dir='ltr'>Βιθυνῶν</span> <span class='ocrx_word' id='word_1_200' title='bbox 1036 3527 1131 3602; x_wconf 87' lang='grc' dir='ltr'>πέδον</span> <span class='ocrx_word' id='word_1_201' title='bbox 1147 3530 1211 3614; x_wconf 79' lang='grc' dir='ltr'>ἥξει</span> 
     </span>
     <span class='ocr_line' id='line_1_31' title="bbox 343 3625 1234 3737; baseline -0.001 -28"><span class='ocrx_word' id='word_1_202' title='bbox 343 3647 406 3710; x_wconf 85' lang='grc' dir='ltr'>Καὶ</span> <span class='ocrx_word' id='word_1_203' title='bbox 426 3637 558 3709; x_wconf 83' lang='grc' dir='ltr'>Κιλίκων</span> <span class='ocrx_word' id='word_1_204' title='bbox 574 3632 728 3707; x_wconf 88' lang='grc' dir='ltr'>δάπεδον·</span> <span class='ocrx_word' id='word_1_205' title='bbox 743 3644 822 3733; x_wconf 86' lang='grc' dir='ltr'>ταχὺ</span> <span class='ocrx_word' id='word_1_206' title='bbox 841 3635 871 3707; x_wconf 84' lang='grc' dir='ltr'>δ’</span> <span class='ocrx_word' id='word_1_207' title='bbox 890 3645 982 3709; x_wconf 84' lang='grc' dir='ltr'>αὐτὸν</span> <span class='ocrx_word' id='word_1_208' title='bbox 998 3644 1128 3734; x_wconf 85' lang='grc' dir='ltr'>χαλκεος</span> <span class='ocrx_word' id='word_1_209' title='bbox 1150 3625 1234 3737; x_wconf 77' lang='grc' dir='ltr'>Ᾰρης</span> 
     </span>
    </p>
   </div>
   <div class='ocr_carea' id='block_1_3' title="bbox 232 3821 1366 4058">
    <p class='ocr_par' dir='ltr' id='par_1_12' title="bbox 232 3821 1366 4058">
     <span class='ocr_line' id='line_1_32' title="bbox 234 3821 1366 3887; baseline -0.001 -12"><span class='ocrx_word' id='word_1_210' title='bbox 234 3823 400 3875; x_wconf 77' lang='lat' dir='ltr'>novemdecim</span> <span class='ocrx_word' id='word_1_211' title='bbox 412 3831 550 3873; x_wconf 74' lang='lat' dir='ltr'>numeratos</span> <span class='ocrx_word' id='word_1_212' title='bbox 560 3821 591 3871; x_wconf 84' lang='lat' dir='ltr'>ab</span> <span class='ocrx_word' id='word_1_213' title='bbox 604 3821 710 3886; x_wconf 74' lang='lat' dir='ltr'>Augusto</span> <span class='ocrx_word' id='word_1_214' title='bbox 720 3821 778 3885; x_wconf 83' lang='lat' dir='ltr'><strong>[sub</strong></span> <span class='ocrx_word' id='word_1_215' title='bbox 787 3838 836 3887; x_wconf 88' lang='lat' dir='ltr'>quo</span> <span class='ocrx_word' id='word_1_216' title='bbox 852 3822 943 3872; x_wconf 80' lang='lat' dir='ltr'>Christi</span> <span class='ocrx_word' id='word_1_217' title='bbox 962 3823 1079 3872; x_wconf 79' lang='lat' dir='ltr'><strong>adventus</strong></span> <span class='ocrx_word' id='word_1_218' title='bbox 1090 3822 1117 3871; x_wconf 89' lang='lat' dir='ltr'>in</span> <span class='ocrx_word' id='word_1_219' title='bbox 1131 3832 1208 3872; x_wconf 78' lang='lat' dir='ltr'>terras</span> <span class='ocrx_word' id='word_1_220' title='bbox 1222 3839 1273 3871; x_wconf 87' lang='lat' dir='ltr'>uuo</span> <span class='ocrx_word' id='word_1_221' title='bbox 1287 3837 1366 3876; x_wconf 70' lang='lat' dir='ltr'>veno</span> 
     </span>
     <span class='ocr_line' id='line_1_33' title="bbox 232 3906 1365 3974; baseline -0.001 -15"><span class='ocrx_word' id='word_1_222' title='bbox 232 3911 390 3974; x_wconf 73' lang='lat' dir='ltr'>memoratur]</span> <span class='ocrx_word' id='word_1_223' title='bbox 402 3908 519 3973; x_wconf 75' lang='lat' dir='ltr'><strong>usquead</strong></span> <span class='ocrx_word' id='word_1_224' title='bbox 532 3906 692 3956; x_wconf 88' lang='lat' dir='ltr'>Commodum</span> <span class='ocrx_word' id='word_1_225' title='bbox 701 3915 725 3955; x_wconf 82' lang='lat' dir='ltr'>ol</span> <span class='ocrx_word' id='word_1_226' title='bbox 736 3922 792 3955; x_wconf 89' lang='lat' dir='ltr'>cum</span> <span class='ocrx_word' id='word_1_227' title='bbox 806 3907 868 3972; x_wconf 86' lang='lat' dir='ltr'>ipso,</span> <span class='ocrx_word' id='word_1_228' title='bbox 884 3906 908 3955; x_wconf 91' lang='lat' dir='ltr'>id</span> <span class='ocrx_word' id='word_1_229' title='bbox 920 3917 964 3965; x_wconf 77' lang='lat' dir='ltr'>ost,</span> <span class='ocrx_word' id='word_1_230' title='bbox 977 3923 1054 3971; x_wconf 84' lang='lat' dir='ltr'>usque</span> <span class='ocrx_word' id='word_1_231' title='bbox 1068 3908 1099 3956; x_wconf 80' lang='lat' dir='ltr'>ad</span> <span class='ocrx_word' id='word_1_232' title='bbox 1119 3907 1246 3956; x_wconf 88' lang='lat' dir='ltr'>Commodi</span> <span class='ocrx_word' id='word_1_233' title='bbox 1260 3924 1365 3972; x_wconf 80' lang='lat' dir='ltr'>necem,</span> 
     </span>
     <span class='ocr_line' id='line_1_34' title="bbox 232 3988 1366 4058; baseline 0.001 -16"><span class='ocrx_word' id='word_1_234' title='bbox 232 3993 303 4058; x_wconf 78' lang='lat' dir='ltr'>cujus</span> <span class='ocrx_word' id='word_1_235' title='bbox 320 4001 414 4058; x_wconf 74' lang='lat' dir='ltr'>tempus</span> <span class='ocrx_word' id='word_1_236' title='bbox 427 3990 468 4040; x_wconf 86' lang='lat' dir='ltr'>hic</span> <span class='ocrx_word' id='word_1_237' title='bbox 478 3991 593 4041; x_wconf 78' lang='lat' dir='ltr'><strong>definitur</strong></span> <span class='ocrx_word' id='word_1_238' title='bbox 605 4006 671 4040; x_wconf 83' lang='lat' dir='ltr'>anno</span> <span class='ocrx_word' id='word_1_239' title='bbox 685 3990 753 4054; x_wconf 75' lang='grc' dir='ltr'>[πται</span> <span class='ocrx_word' id='word_1_240' title='bbox 766 3988 889 4054; x_wconf 69' lang='lat' dir='ltr'>Actiaco]</span> <span class='ocrx_word' id='word_1_241' title='bbox 902 3994 948 4040; x_wconf 72' lang='lat' dir='ltr'>lll</span> <span class='ocrx_word' id='word_1_242' title='bbox 965 3988 1042 4054; x_wconf 82' lang='lat' dir='ltr'>[salso</span> <span class='ocrx_word' id='word_1_243' title='bbox 1056 4000 1171 4057; x_wconf 80' lang='lat' dir='ltr'>compulo</span> <span class='ocrx_word' id='word_1_244' title='bbox 1187 4006 1231 4056; x_wconf 82' lang='lat' dir='ltr'>pro</span> <span class='ocrx_word' id='word_1_245' title='bbox 1249 3991 1313 4049; x_wconf 88' lang='grc'>222,</span> <span class='ocrx_word' id='word_1_246' title='bbox 1329 3993 1366 4043; x_wconf 80' lang='lat' dir='ltr'>de</span> 
     </span>
    </p>
   </div>
   <div class='ocr_carea' id='block_1_4' title="bbox 230 4122 1366 4571">
    <p class='ocr_par' dir='ltr' id='par_1_13' title="bbox 230 4122 1366 4571">
     <span class='ocr_line' id='line_1_35' title="bbox 266 4122 1366 4191; baseline 0.003 -16"><span class='ocrx_word' id='word_1_247' title='bbox 266 4128 323 4175; x_wconf 73' lang='lat'>227.</span> <span class='ocrx_word' id='word_1_248' title='bbox 344 4126 449 4174; x_wconf 83' lang='lat' dir='ltr'>lluolum</span> <span class='ocrx_word' id='word_1_249' title='bbox 469 4135 504 4174; x_wconf 79' lang='lat' dir='ltr'>est</span> <span class='ocrx_word' id='word_1_250' title='bbox 521 4127 637 4191; x_wconf 85' lang='grc' dir='ltr'>χηρεύσει</span> <span class='ocrx_word' id='word_1_251' title='bbox 655 4140 684 4173; x_wconf 87' lang='lat' dir='ltr'>ex</span> <span class='ocrx_word' id='word_1_252' title='bbox 708 4122 770 4185; x_wconf 80' lang='lat' dir='ltr'><strong>l&#39;lll,</strong></span> <span class='ocrx_word' id='word_1_253' title='bbox 807 4133 909 4183; x_wconf 80' lang='lat' dir='ltr'>constet,</span> <span class='ocrx_word' id='word_1_254' title='bbox 924 4125 958 4180; x_wconf 77' lang='grc' dir='ltr'>δὶς</span> <span class='ocrx_word' id='word_1_255' title='bbox 972 4125 1059 4174; x_wconf 82' lang='grc' dir='ltr'>ἑκατὸν</span> <span class='ocrx_word' id='word_1_256' title='bbox 1077 4124 1118 4173; x_wconf 84' lang='grc' dir='ltr'>καὶ</span> <span class='ocrx_word' id='word_1_257' title='bbox 1136 4125 1244 4182; x_wconf 77' lang='grc' dir='ltr'>δλςὸέκα</span> <span class='ocrx_word' id='word_1_258' title='bbox 1256 4126 1366 4179; x_wconf 81' lang='grc' dir='ltr'>καὶδύο</span> 
     </span>
     <span class='ocr_line' id='line_1_36' title="bbox 231 4199 1157 4266; baseline -0.003 -14"><span class='ocrx_word' id='word_1_259' title='bbox 231 4205 289 4259; x_wconf 74' lang='grc'>237,</span> <span class='ocrx_word' id='word_1_260' title='bbox 300 4203 369 4266; x_wconf 82' lang='lat' dir='ltr'><strong>longe</strong></span> <span class='ocrx_word' id='word_1_261' title='bbox 383 4201 440 4249; x_wconf 74' lang='lat' dir='ltr'><strong>licet</strong></span> <span class='ocrx_word' id='word_1_262' title='bbox 448 4200 542 4250; x_wconf 80' lang='lat' dir='ltr'>divemo</span> <span class='ocrx_word' id='word_1_263' title='bbox 551 4217 630 4250; x_wconf 77' lang='lat' dir='ltr'><strong>sensu.</strong></span> <span class='ocrx_word' id='word_1_264' title='bbox 641 4199 708 4249; x_wconf 72' lang='lat' dir='ltr'>finis</span> <span class='ocrx_word' id='word_1_265' title='bbox 720 4216 773 4247; x_wconf 77' lang='lat' dir='ltr'>ver·</span> <span class='ocrx_word' id='word_1_266' title='bbox 806 4199 960 4265; x_wconf 73' lang='grc' dir='ltr'>πληρώσειεῖ</span> <span class='ocrx_word' id='word_1_267' title='bbox 977 4200 1024 4249; x_wconf 85' lang='lat' dir='ltr'>Sed</span> <span class='ocrx_word' id='word_1_268' title='bbox 1036 4201 1091 4249; x_wconf 82' lang='lat' dir='ltr'>vide</span> <span class='ocrx_word' id='word_1_269' title='bbox 1104 4210 1157 4249; x_wconf 84' lang='lat' dir='ltr'>nol.</span> 
     </span>
     <span class='ocr_line' id='line_1_37' title="bbox 230 4275 1366 4342; baseline 0.003 -17"><span class='ocrx_word' id='word_1_270' title='bbox 230 4291 269 4326; x_wconf 78' lang='lat' dir='ltr'>sus</span> <span class='ocrx_word' id='word_1_271' title='bbox 283 4276 309 4326; x_wconf 89' lang='lat' dir='ltr'>in</span> <span class='ocrx_word' id='word_1_272' title='bbox 322 4275 409 4342; x_wconf 79' lang='lat' dir='ltr'><strong>Sibyll.</strong></span> <span class='ocrx_word' id='word_1_273' title='bbox 424 4276 609 4341; x_wconf 73' lang='lat' dir='ltr'>vulgatissimos.</span> <span class='ocrx_word' id='word_1_274' title='bbox 842 4278 899 4324; x_wconf 83' lang='grc'>236.</span> <span class='ocrx_word' id='word_1_275' title='bbox 916 4275 952 4323; x_wconf 74' lang='lat' dir='ltr'>Ad</span> <span class='ocrx_word' id='word_1_276' title='bbox 961 4278 1039 4342; x_wconf 83' lang='grc' dir='ltr'>χήρην</span> <span class='ocrx_word' id='word_1_277' title='bbox 1052 4277 1131 4342; x_wconf 82' lang='lat' dir='ltr'><strong>suppl.</strong></span> <span class='ocrx_word' id='word_1_278' title='bbox 1146 4278 1260 4337; x_wconf 81' lang='grc' dir='ltr'>ποιήσει,</span> <span class='ocrx_word' id='word_1_279' title='bbox 1278 4287 1307 4328; x_wconf 80' lang='lat' dir='ltr'>ul</span> <span class='ocrx_word' id='word_1_280' title='bbox 1322 4277 1366 4328; x_wconf 85' lang='lat' dir='ltr'>in·</span> 
     </span>
     <span class='ocr_line' id='line_1_38' title="bbox 264 4350 927 4410; baseline -0.003 -8"><span class='ocrx_word' id='word_1_281' title='bbox 264 4355 320 4402; x_wconf 87' lang='grc'>229.</span> <span class='ocrx_word' id='word_1_282' title='bbox 339 4352 390 4402; x_wconf 75' lang='lat' dir='ltr'>co.</span> <span class='ocrx_word' id='word_1_283' title='bbox 403 4352 473 4410; x_wconf 82' lang='lat' dir='ltr'><strong>vul,</strong></span> <span class='ocrx_word' id='word_1_284' title='bbox 490 4355 530 4403; x_wconf 74' lang='lat'>37.</span> <span class='ocrx_word' id='word_1_285' title='bbox 809 4350 855 4408; x_wconf 83' lang='lat' dir='ltr'>lm,</span> <span class='ocrx_word' id='word_1_286' title='bbox 869 4355 927 4402; x_wconf 77' lang='lat'>239.</span> 
     </span>
     <span class='ocr_line' id='line_1_39' title="bbox 264 4427 1069 4494; baseline 0.001 -17"><span class='ocrx_word' id='word_1_287' title='bbox 264 4431 321 4478; x_wconf 78' lang='grc'>232.</span> <span class='ocrx_word' id='word_1_288' title='bbox 342 4427 393 4478; x_wconf 82' lang='lat' dir='ltr'><strong>Clr.</strong></span> <span class='ocrx_word' id='word_1_289' title='bbox 404 4444 487 4494; x_wconf 70' lang='lat' dir='ltr'><strong>supra,</strong></span> <span class='ocrx_word' id='word_1_290' title='bbox 501 4432 543 4487; x_wconf 78' lang='lat'>30,</span> <span class='ocrx_word' id='word_1_291' title='bbox 555 4443 608 4493; x_wconf 86' lang='lat' dir='ltr'>sqq.</span> <span class='ocrx_word' id='word_1_292' title='bbox 842 4428 899 4476; x_wconf 72' lang='lat'>237.</span> <span class='ocrx_word' id='word_1_293' title='bbox 919 4427 994 4476; x_wconf 89' lang='lat' dir='ltr'>Codd.</span> <span class='ocrx_word' id='word_1_294' title='bbox 1009 4429 1069 4493; x_wconf 85' lang='grc' dir='ltr'>χέει.</span> 
     </span>
     <span class='ocr_line' id='line_1_40' title="bbox 265 4501 1173 4571; baseline -0.001 -19"><span class='ocrx_word' id='word_1_295' title='bbox 265 4505 324 4554; x_wconf 70' lang='grc'>224.</span> <span class='ocrx_word' id='word_1_296' title='bbox 342 4504 380 4555; x_wconf 74' lang='lat' dir='ltr'>Ao</span> <span class='ocrx_word' id='word_1_297' title='bbox 395 4503 530 4571; x_wconf 74' lang='lat' dir='ltr'><strong>legendum,</strong></span> <span class='ocrx_word' id='word_1_298' title='bbox 541 4512 568 4553; x_wconf 76' lang='lat' dir='ltr'>ul</span> <span class='ocrx_word' id='word_1_299' title='bbox 577 4519 697 4553; x_wconf 80' lang='lat' dir='ltr'>onoomm</span> <span class='ocrx_word' id='word_1_300' title='bbox 711 4501 773 4552; x_wconf 74' lang='lat' dir='ltr'>ratio</span> <span class='ocrx_word' id='word_1_301' title='bbox 842 4503 898 4552; x_wconf 79' lang='lat'>2³⁸.</span> <span class='ocrx_word' id='word_1_302' title='bbox 918 4501 994 4552; x_wconf 86' lang='lat' dir='ltr'>Godd.</span> <span class='ocrx_word' id='word_1_303' title='bbox 1009 4503 1173 4566; x_wconf 74' lang='grc' dir='ltr'>ὁγδοήκοντα.</span> 
     </span>
    </p>
   </div>
   <div class='ocr_carea' id='block_1_5' title="bbox 0 0 1598 5310">
    <p class='ocr_par' dir='ltr' id='par_1_14' title="bbox 0 0 1598 5310">
     <span class='ocr_line' id='line_1_41' title="bbox 0 0 1598 5310; baseline 0 0"><span class='ocrx_word' id='word_1_304' title='bbox 0 0 1598 5310; x_wconf 95' lang='lat' dir='ltr'> </span> 
     </span>
    </p>
   </div>
  </div>
 </body>
</html>
