3186 5310
443 420 731 484 stsxurucnuu
752 420 827 482 un.
851 422 902 498 ru,
925 421 992 505 §a

162 557 220 635 145
246 555 365 646 Europi
378 572 506 621 manant
518 555 640 635 latices,
660 554 754 646 inque
767 578 895 644 aequora
909 574 1046 646 pergunt

245 664 351 727 Peneo
362 662 463 742 mixti,
478 679 511 728 et
523 663 634 754 Stygio
652 661 842 752 cognomine
855 662 971 730 tristes.

247 771 305 834 Ast
320 769 374 834 ubi
391 769 515 835 furtivis
531 768 711 835 didicerunt
729 794 872 835 crescere
887 770 970 835 curis

245 877 372 942 Titanes
386 893 511 967 partam
525 878 662 942 Saturno
682 894 714 942 et
731 881 866 968 conjuge
884 878 1020 967 prolem,

246 985 413 1074 Sexaginta
426 1008 541 1075 parens
557 983 652 1049 Titan
666 1002 760 1050 vocat
777 986 919 1074 undique
934 1002 1037 1065 natos,

162 1091 222 1156 150
245 1092 417 1156 Saturnum
433 1091 563 1175 invadit,
581 1115 718 1180 cumque
735 1091 803 1181 ipsa
816 1094 950 1179 conjuga
965 1093 1106 1159 vinctum

247 1198 314 1263 Sub
335 1215 453 1264 terram
470 1197 578 1277 mittit,
601 1197 804 1288 tenebrisque
817 1198 952 1264 includit
967 1200 1086 1288 opacis.

246 1304 377 1370 Audiuit
391 1306 493 1395 pubes
509 1304 673 1384 Saturnia,
689 1328 748 1370 nec
764 1329 867 1390 mora,
885 1306 971 1371 bello

247 1415 345 1476 Arma
364 1412 458 1500 rapit,
474 1414 649 1501 turbasque
666 1411 740 1490 ciet,
759 1412 925 1502 rixamque
945 1431 1120 1482 cruentam.

247 1522 352 1607 Atque
367 1518 442 1583 hinc
457 1518 646 1608 principium
659 1517 735 1583 belli
754 1519 942 1585 mortalibus
957 1539 1076 1606 ortum,

165 1627 223 1692 155
248 1629 325 1691 Haec
344 1627 432 1691 labes
448 1624 521 1709 fuit,
540 1641 748 1691 attentorum
762 1650 854 1692 causa
871 1627 1039 1696 malorum.

248 1735 331 1798 Tum
345 1735 431 1798 Deus
446 1732 544 1797 exitio
561 1732 692 1797 Titanas
704 1727 814 1813 ⁸misit;
836 1750 869 1799 ct
885 1759 982 1800 omne

249 1840 399 1905 Titanum
415 1840 510 1930 periit
528 1863 628 1927 genus
645 1856 678 1904 et
693 1840 841 1918 Saturnia
857 1843 976 1931 proles.

292 1948 369 2011 Post
382 1947 451 2012 haec
467 1945 604 2011 surrexit
619 1947 762 2030 tandem,
776 1947 978 2013 volventibus
992 1950 1095 2034 annis,

249 2054 379 2143 AEgypti
397 2077 545 2142 regnum.
561 2054 732 2118 Persarum
750 2052 865 2119 deinde
882 2073 1028 2121 secutum
1042 2074 1102 2136 est,

166 2163 225 2248 160
249 2160 431 2238 Medorum,
448 2158 713 2248 AEthiopumque,
731 2176 827 2248 atque
841 2160 976 2251 Assyriae
989 2163 1172 2252 Babylonis.

250 2265 329 2331 Inde
345 2265 543 2331 Macedoniae
559 2289 706 2353 regnum,
724 2266 921 2356 AEgyptique
934 2271 1129 2354 secundum,

251 2373 394 2461 Denique
410 2374 604 2436 Romanum.
624 2371 684 2439 Sed
701 2389 777 2437 tunc
791 2373 870 2438 mihi
882 2375 1027 2442 sensibus
1045 2375 1116 2440 imis

250 2480 321 2543 Vox
335 2479 454 2568 allapsa
467 2477 539 2556 Dei,
559 2477 680 2543 cunctis
697 2478 827 2543 oracula
850 2480 942 2546 terris

250 2585 399 2651 Fundere
411 2585 575 2675 praecepit,
592 2584 784 2675 populisque
796 2603 828 2650 et
842 2587 972 2675 regibus
984 2612 1095 2655 omnes

167 2694 226 2760 165
251 2695 403 2758 Fatorum
420 2709 563 2769 eventus,
580 2715 616 2757 ac
632 2690 774 2782 primum
788 2692 910 2782 singula
931 2694 990 2759 fari

250 2802 361 2888 Regna
379 2798 557 2877 hominum,
573 2798 673 2864 saeclis
688 2823 758 2888 quae
771 2799 833 2864 sint
849 2799 969 2866 oritura
986 2802 1111 2868 futuris.

295 2908 401 2973 Prima
418 2907 534 2971 domus
551 2924 673 2971 crescet
688 2907 886 2990 Salomonis,
908 2932 978 2997 quae
998 2928 1088 2998 reget
1108 2934 1218 2976 omnes

252 3014 416 3080 Phoeniccs
435 3013 581 3102 Asiaeque
600 3013 696 3092 viros,
718 3029 750 3077 et
766 3012 792 3076 si
808 3037 870 3102 qua
884 3015 1102 3105 propinquum

252 3124 357 3187 Insula
371 3121 446 3185 litus
460 3120 571 3200 habet,
590 3120 714 3200 Persas,
732 3121 902 3210 Caresque,
919 3121 1139 3212 Phrygasque,

169 3253 229 3318 ¹7⁰
253 3227 461 3318 Pamphylos,
476 3227 600 3316 Mysos,
614 3242 647 3290 et
657 3227 823 3316 Lydorum
841 3250 939 3291 aurea
955 3252 1042 3293 rura.

297 3336 386 3414 Post,
405 3332 507 3400 Graeci
520 3331 692 3422 imperium
705 3334 843 3422 capient,
858 3332 919 3398 diri
936 3351 1032 3423 atque
1044 3335 1186 3426 superbi,

253 3442 347 3507 Unde
360 3439 557 3506 Macedoniae
569 3439 708 3529 populus
724 3438 943 3505 dominabitur
956 3442 1079 3535 ingens,

254 3548 416 3614 Bellorum
434 3545 597 3611 horrenda
613 3569 780 3635 pressurus
797 3548 883 3613 nube
898 3565 1055 3638 nepotes:

166 3756 202 3807 tio
212 3757 244 3807 ad
256 3756 408 3823 praedicenda
419 3768 549 3821 regnorum
562 3761 587 3803 et
605 3751 753 3818 populorum
767 3749 868 3802 1115-
882 3753 939 3811 tat,
958 3768 1011 3819 sqq.
1028 3751 1164 3804 Salomonis
1177 3768 1289 3819 ragnum

168 3871 198 3879 -
216 3846 333 3906 tta-174,
347 3840 425 3891 Gracci
439 3850 465 3890 et
478 3840 627 3889 Macedones.
640 3865 672 3874 -

203 4024 258 4071 151.
276 4019 350 4068 Codd.
362 4016 413 4075 alii,
428 4016 536 4080 δεσμοῖς.
743 4013 825 4077 φύλων
840 4029 846 4063 :
863 4015 904 4063 sed
923 4013 995 4073 alias,
1012 4012 1149 4079 etquidem
1165 4014 1250 4081 sepius
1264 4014 1290 4064 in

202 4100 258 4146 151.
277 4092 427 4161 Theophilus
441 4089 556 4140 Antioch.
573 4089 595 4139 ll
606 4129 612 4148 ‚
625 4088 641 4155 S
656 4091 685 4140 st
703 4103 710 4137 ε
744 4087 878 4154 Sibyllinis,
887 4091 1047 4154 Παμφυλίων,
1060 4088 1194 4139 meantime
1202 4089 1288 4140 forma.

162 4172 233 4235 ,Αὕτη
252 4173 315 4237 ἀρχὴ
332 4170 431 4232 ἐγένετο
444 4167 530 4234 πρώτη
547 4163 591 4215 τοῦ
605 4167 712 4228 γίνεσθαι
744 4162 773 4212 Ιιι
785 4162 832 4215 boc
846 4164 932 4230 utique
947 4181 995 4231 prae
1010 4163 1098 4215 ceteris
1108 4165 1213 4230 antiquo
1226 4164 1289 4214 libro

167 4250 289 4312 πολέμους
300 4246 338 4296 lul
349 4247 393 4306 τῆς
406 4241 551 4306 phaselide
565 4238 613 4289 alia
624 4256 659 4288 re.
744 4238 850 4304 priorem
869 4239 1015 4306 scripturam
1039 4239 1115 4306 magis
1139 4240 1289 4306 probandam

205 4328 259 4375 155.
280 4325 318 4371 An
333 4320 461 4369 delendum
473 4308 609 4380 tautologia
623 4319 713 4364 causa²
743 4324 864 4380 putamus,
877 4324 901 4364 et
913 4315 948 4364 sie
958 4314 1032 4373 infra,
1046 4318 1095 4366 909
1109 4326 1134 4364 et
1148 4319 1204 4365 515.

203 4403 258 4450 195.
278 4397 325 4447 Pro
340 4397 415 4461 μόνος
428 4411 459 4444 an
472 4393 541 4456 νὸῳὲ
553 4389 603 4440 etr.
619 4392 676 4440 299.
779 4393 834 4442 ll2.
846 4391 922 4440 Codd.
935 4390 992 4441 ἄλλο
1004 4406 1009 4439 :
1020 4391 1060 4440 scd
1070 4391 1171 4440 molest
1179 4407 1224 4456 pro
1238 4391 1289 4443 καί.

204 4478 260 4527 199.
279 4471 365 4523 stetim
377 4486 435 4521 sane
445 4469 560 4521 ὀππόσαι.
781 4469 836 4517 tta.
856 4465 931 4515 Codd.
954 4467 1042 4527 ἥξουσι
1057 4483 1063 4517 :
1082 4467 1123 4515 sed
1139 4466 1239 4517 omnino
1258 4466 1292 4517 si·

206 4552 262 4602 199.
282 4545 322 4599 Sic
331 4546 403 4598 codd.
411 4545 460 4597 hoc
467 4542 566 4611 quidem
576 4542 632 4593 loco
641 4542 714 4607 Παμ·
745 4541 867 4609 byllinum
881 4551 917 4592 est
931 4538 1146 4612 ἀΐσσωνοΙᾷσσω,
1160 4558 1232 4594 sensu
1241 4542 1291 4594 sive
