3186 5310
254 412 315 475 388
760 416 875 478 NOTAE

251 544 390 597 blansitboc
398 547 456 613 ipsis
468 564 567 607 riomen,
584 545 629 596 etsi
644 563 707 613 sape
719 547 796 610 dqmi·
862 549 908 605 59,
931 563 986 612 sqq.
1008 545 1140 598 Antiochia
1160 548 1267 598 defletur
1291 545 1381 596 Persa·

251 637 294 670 nos
314 633 483 684 mutaverunt,
505 623 622 688 ambiguae
644 637 714 690 paene
730 623 796 673 inter
827 638 883 672 rum
894 623 969 672 armis
981 623 1129 688 inquietata;
1140 624 1197 674 addi
1207 633 1307 690 poterat
1320 639 1379 689 esp·

205 700 210 714 ’
249 707 379 765 utramque
387 708 491 766 gentem,
502 700 669 765 reciprocante
681 698 740 749 belli
752 715 795 748 ms·
827 706 853 748 ta
867 708 892 748 et
903 715 1023 764 possessa,
1041 700 1239 765 quandoquidem
1251 699 1380 750 liberanda

249 782 287 830 tu,
298 774 339 824 sed
352 775 391 826 vel
403 775 451 826 hoc
466 775 518 842 ipso
532 775 599 825 novis
613 791 690 840 usque
701 775 796 826 damnis
826 772 873 824 tuis
894 774 1034 840 imperatori
1053 774 1177 826 Gordiano
1188 775 1293 841 juniori.
1317 775 1340 824 ls
1352 791 1378 824 s-

249 850 497 914 expositn:Seleucia
504 850 625 916 inprimis,
633 851 692 900 nrbs
699 868 794 916 magna,
827 849 878 898 nim
895 849 971 900 Roma
987 850 1110 916 proiectus
1124 868 1179 900 cum
1198 851 1292 917 ingenti
1306 867 1379 901 eser·

249 923 357 990 olimque
368 925 461 992 Syriaci
473 927 540 992 regni
554 936 578 977 et
591 936 675 992 postea
686 926 796 977 Parthici
826 924 887 987 citu,
898 925 1076 977 «Antiochiam
1086 926 1163 989 veuit,
1173 943 1227 993 quse
1232 928 1309 992 jama
1320 926 1377 977 Per·

248 1011 336 1066 capnt,
349 1017 404 1066 quae
417 1018 494 1067 quum
511 1003 616 1053 maxime
633 1002 732 1053 lloreret
750 1002 795 1052 sub
828 1000 887 1050 «sis
901 1001 1044 1062 tenebatur3
1062 1001 1112 1053 illic
1128 1002 1298 1068 frequentibus
1315 1019 1377 1069 pra·

248 1076 370 1127 Arsacidis
378 1077 473 1144 regibus
482 1116 490 1141 ,
499 1079 632 1149 presertim
640 1089 698 1129 ante
710 1079 795 1128 condi·
828 1096 840 1121 ι
855 1075 893 1125 liis
906 1077 1024 1142 pugnavit
1032 1086 1058 1129 et
1065 1077 1136 1136 vicit,
1145 1078 1238 1144 Sapore
1246 1079 1376 1129 Persarum

249 1160 300 1202 tam
321 1152 427 1204 vicinam
449 1154 522 1203 nimis
539 1154 700 1218 aemulamqne
716 1153 795 1203 Ctesi·
829 1167 910 1216 stege
931 1152 1043 1202 submoto
1060 1162 1131 1220 :post
1145 1152 1313 1211 Antiochiam,
1330 1153 1376 1203 Ar·

249 1227 350 1294 phonta,
361 1239 484 1293 sexcema,
495 1230 710 1290 utaiunt‚civium
718 1229 795 1279 millia
828 1247 840 1271 ι
854 1236 935 1277 taxata
953 1237 978 1278 et
997 1228 1084 1278 Carras
1104 1237 1129 1279 et
1147 1228 1252 1280 Nisibin
1270 1229 1375 1296 recepit,

249 1314 427 1354 numeraverat.
446 1304 469 1354 ls
486 1305 533 1354 sub
553 1321 606 1354 sere
620 1314 706 1355 nostra
723 1305 795 1356 initia
828 1322 841 1346 ι
855 1319 910 1368 que
937 1302 1019 1354 omnia
1043 1305 1088 1354 sub
1117 1303 1246 1355 Persamm
1271 1305 1376 1373 imperio

249 1387 324 1428 status
336 1390 389 1430 erat
407 1380 480 1445 hujus
493 1379 613 1439 civitatis;
629 1390 697 1446 post,
710 1380 736 1429 in
752 1398 794 1429 ex·
828 1397 840 1421 ι
856 1388 935 1428 eraut.
958 1400 970 1424 ιι
985 1379 1026 1428 Sic
1043 1378 1123 1429 lulius
1143 1379 1306 1445 Capitolinus,
1321 1397 1373 1446 pag.

248 1454 487 1521 peditione'lrajani,
499 1466 571 1522 capta
580 1465 605 1505 et
614 1455 723 1518 incensa,
734 1457 795 1505 mul·
826 1455 885 1512 669,
900 1454 938 1503 ed.
956 1454 1012 1506 Var.
1035 1455 1072 1504 ttn
1091 1454 1137 1505 tibi
1158 1454 1327 1506 Romanorum
1349 1457 1375 1506 in

249 1539 301 1579 tum
319 1531 453 1598 splendoris
478 1531 572 1588 amisit;
599 1547 683 1581 rursus
706 1531 794 1581 deinde
825 1528 883 1579 Asia
895 1530 1023 1595 preclaras
1034 1531 1158 1591 victorias,
1169 1547 1219 1582 uon
1231 1541 1314 1582 tamen
1322 1532 1375 1583 siae

248 1605 339 1671 legatus
353 1623 398 1672 pro
412 1606 440 1657 L.
459 1607 522 1656 Vero
537 1607 633 1657 Cassius
645 1607 698 1656 sine
711 1606 794 1674 prelio
825 1604 908 1654 multis
919 1606 1064 1656 Asianorum
1070 1607 1238 1667 incommodis,
1248 1608 1315 1658 unde
1325 1609 1376 1658 An·

247 1691 392 1748 occupatam
413 1683 532 1743 vaenum
553 1682 652 1732 tertium
671 1699 686 1731 a
702 1682 794 1732 Severo
825 1679 922 1730 tiochise
940 1682 1016 1732 latum
1028 1683 1177 1748 deploratur.
1195 1682 1232 1733 lle
1248 1683 1375 1736 Gordiano

247 1765 318 1822 capta
335 1757 479 1823 direptaque
496 1757 556 1816 tuit,
570 1758 615 1807 sub
638 1774 687 1823 quo
707 1759 794 1808 amissa
824 1756 933 1806 dubitari
947 1776 996 1808 non
1009 1758 1071 1808 sinit
1089 1759 1216 1825 epitheton
1230 1759 1294 1810 illud
1312 1760 1375 1826 πρό·

247 1832 344 1882 danum
354 1832 724 1900 Parthisllesopotamia,regiis
733 1833 793 1883 orba
826 1849 872 1896 pot
891 1833 1003 1897 ἀνδρῶν,
1028 1843 1053 1884 et
1063 1835 1129 1900 quod
1143 1834 1243 1885 additur
1261 1837 1316 1891 σοῖς
1337 1836 1374 1886 tit

247 1907 382 1958 honoribus
408 1909 537 1968 Seleucia,
562 1918 680 1975 tanquam
706 1909 793 1976 capitis
825 1909 954 1973 μελάθροις
972 1911 1130 1970 κατοικήσει,
1149 1911 1222 1976 plane
1240 1927 1300 1962 cum
1316 1911 1374 1962 lolii

247 1984 337 2047 minor,
354 1984 486 2035 intantum
499 1985 605 2047 decidit,
618 1994 646 2035 ut
654 2001 722 2050 paene
736 2002 792 2035 eum
824 1982 885 2048 Cap.
896 1984 1036 2035 narratione
1047 1987 1172 2046 convenit,
1181 1987 1245 2037 sicut
1258 1997 1284 2037 et
1293 1986 1373 2038 ricto·

247 2059 378 2126 Babylone,
405 2061 500 2112 deserta
528 2070 586 2111 tunc
613 2071 639 2111 et
664 2070 739 2124 vasta,
762 2079 792 2112 ex
823 2059 915 2108 riarum
927 2060 958 2109 ab
973 2060 1016 2111 illo
1027 2062 1058 2111 de
1071 2060 1149 2111 Persis
1161 2062 1296 2112 relatarum
1305 2079 1372 2114 men·

246 2150 316 2201 ssquo
329 2135 469 2188 haberetur.
487 2137 537 2186 liec
557 2146 640 2187 tamen
659 2138 742 2189 statim
762 2154 791 2187 eo
823 2134 868 2194 tio,
881 2152 1030 2201 quanquam,
1045 2154 1095 2186 nnn
1107 2146 1157 2187 tarn
1169 2137 1216 2204 ipsi
1227 2137 1373 2190 tribnends·

245 2226 284 2260 res
305 2211 420 2275 devenit,
445 2212 644 2278 quandoquidem
671 2230 685 2263 a
708 2223 791 2263 nostro
821 2225 877 2260 rum
894 2227 969 2275 quam
982 2212 1093 2263 llisitheo
1108 2213 1159 2278 ejus
1173 2229 1272 2272 moero,
1293 2214 1373 2280 legito

246 2286 386 2354 Sibyllista,
406 2289 452 2338 sub
464 2289 537 2340 finem
553 2288 619 2339 tertii
632 2289 713 2339 seculi
729 2290 790 2339 scri·
822 2287 932 2350 praetoris
941 2287 1046 2354 ducique
1057 2288 1196 2338 fortissimo.
1209 2289 1326 2340 Fatemur
1334 2300 1374 2340 ta·

246 2362 335 2426 trente,
349 2363 430 2414 adhuc
446 2364 547 2415 honeste
560 2373 726 2428 memoratur,
739 2382 791 2414 non
821 2377 877 2411 meu
887 2361 998 2412 ordinem
1007 2373 1143 2430 temporum
1153 2380 1167 2413 a
1177 2373 1248 2430 poeta
1259 2365 1373 2416 nonnihil

244 2438 292 2489 alia
309 2456 383 2505 quam
396 2441 542 2506 religionum
556 2456 636 2499 causa,
651 2439 742 2505 quibus
755 2440 789 2490 ibi
821 2436 924 2502 inverti,
939 2438 998 2503 qnia
1007 2439 1122 2505 hncpost
1132 2439 1305 2506 Philipporum
1319 2458 1373 2506 reg-

244 2514 349 2566 manime
364 2517 455 2566 cultam
476 2516 549 2566 luisse
559 2516 629 2566 deam
642 2515 736 2566 Lunam
752 2516 789 2565 vel
820 2529 880 2562 uum
892 2515 986 2580 posuit,
999 2514 1128 2566 manilesto
1136 2515 1207 2565 annis
1218 2517 1314 2581 aliquot
1325 2534 1370 2567 asr-

243 2607 273 2640 ea
285 2590 333 2641 hoc
343 2592 398 2642 loeo
407 2592 529 2642 discimus.
820 2588 919 2638 teriora.
932 2588 1016 2656 ltaque
1027 2590 1112 2640 melius
1119 2590 1170 2640 hac
1179 2591 1258 2657 posita
1269 2592 1372 2643 luissent

277 2669 319 2724 bi,
334 2682 387 2731 sqq.
404 2665 485 2726 Quaeri
497 2675 576 2732 potest
591 2666 739 2731 Mopsuestia
750 2683 790 2715 ur·
819 2664 893 2729 paulo
902 2681 984 2731 supra,
996 2674 1052 2715 aute
1071 2682 1166 2715 versiam
1176 2668 1226 2716 20:
1240 2667 1283 2716 sed
1292 2666 1371 2718 histo·

243 2739 281 2789 bis
298 2741 453 2791 inundationi
468 2757 523 2790 cnm
538 2741 668 2805 AEgarnm,
682 2742 731 2791 huc
744 2731 788 2807 pei·
819 2738 867 2788 rici
880 2739 1030 2806 diligentiam
1048 2757 1093 2791 nec
1112 2757 1127 2791 a
1149 2750 1221 2809 poeta
1240 2743 1370 2810 multoque

243 2817 410 2882 conjecturam
423 2815 556 2877 illatarum,
568 2814 706 2864 calamitate
720 2832 788 2866 eom·
817 2813 924 2864 minusa
939 2826 994 2866 vate
1005 2816 1098 2882 reposci
1110 2832 1207 2881 aequum
1220 2827 1267 2867 est.

243 2907 317 2940 nune
338 2890 397 2956 quid
416 2890 490 2956 possit
512 2890 636 2939 interesse.
656 2889 787 2941 Videtura
853 2892 894 2940 68.
914 2889 989 2940 Urbes
999 2892 1059 2941 duas
1070 2892 1200 2957 compellat
1211 2892 1308 2942 Arabiae
1323 2893 1371 2943 tto·

243 2965 366 3033 Sibyllista
383 2965 497 3016 militaris
519 2965 588 3014 innui
607 2965 707 3017 clades:
721 2982 786 3031 qure-
818 2980 896 3015 manse
913 2981 920 3016 ε
938 2967 990 3030 y'am
1003 2967 1068 3016 enim
1081 2967 1204 3033 a'lrajani
1214 2968 1368 3034 temporibus

241 3058 297 3093 nam
314 3051 396 3093 autem
415 3042 456 3092 illa
470 3042 540 3106 AEgas
556 3040 637 3107 potuit
656 3042 784 3107 attingere,
817 3040 918 3103 Arabia,
927 3042 1132 3108 seuparsArabiae
1139 3042 1230 3093 Petraa
1239 3044 1315 3110 strigo
1326 3061 1369 3094 ro·

240 3119 330 3185 quippe
344 3117 470 3169 Strabonis
478 3119 529 3184 jam
543 3128 666 3183 tempore,
686 3135 786 3183 parram
817 3125 882 3178 eata,
898 3115 1013 3166 llomanis
1022 3117 1130 3184 parebat.
1145 3119 1210 3168 lluas
1220 3119 1293 3169 urbes
1302 3119 1369 3170 dixi·

239 3194 406 3261 humilemque
419 3194 519 3256 nrbem‚
533 3192 644 3258 quamvis
658 3195 785 3245 commoda
816 3192 1024 3258 mus,proquibus
1030 3193 1119 3244 licebat
1126 3209 1199 3243 unam
1206 3195 1298 3245 dicere.
1306 3196 1368 3246 Nam

238 3271 406 3337 navigantibus
426 3269 544 3327 statione,
564 3270 688 3335 πολίχνιον
708 3268 784 3336 ὕφορ-
816 3267 900 3317 antra
916 3277 941 3317 et
956 3267 1133 3338 Philippopolis
1148 3269 1203 3319 due
1219 3269 1323 3321 bierunt
1337 3287 1368 3320 ex

239 3364 285 3411 pne
301 3348 312 3396 ':
333 3363 407 3412 quam
428 3355 512 3412 postea
534 3345 665 3394 militarem
686 3344 784 3404 laetam,
817 3341 1068 3403 unaiactucititates,
1082 3343 1277 3411 uisinnapotius
1290 3347 1367 3413 duplo

236 3424 357 3473 munitam
368 3436 456 3487 nempe
469 3431 541 3486 atque
556 3419 591 3470 ita
609 3420 731 3470 obsidioni
743 3437 783 3471 ex·
815 3428 896 3477 aucta,
905 3419 1367 3486 undeSibyllistamodoplurali,modo

236 3497 340 3563 positam
357 3496 442 3555 fuisse,
463 3496 530 3545 nullo
551 3512 596 3545 uns
615 3497 697 3546 adhuc
715 3497 784 3548 testi·
815 3493 931 3560 singulari
952 3495 1027 3545 verbo
1051 3496 1137 3549 utitur.
1162 3497 1248 3546 Rostra
1265 3497 1366 3562 quidem

236 3574 319 3623 monio
331 3571 502 3639 comperimus.
515 3570 562 3621 Sed
576 3570 703 3622 lortassca
723 3573 784 3640 Sey·
814 3571 960 3637 antiquitate
969 3572 1043 3623 etiam
1056 3573 1171 3624 essnctis
1180 3572 1250 3623 libris
1257 3573 1365 3639 cognita,

235 3647 342 3714 this,qui
350 3648 423 3698 tertio
430 3648 517 3696 saeeulo
526 3647 606 3696 Asiam
616 3646 729 3698 infestare
736 3665 783 3698 cre·
814 3648 946 3712 eademque
953 3648 1366 3716 scientiarumacpraessrtimastro·

235 3732 336 3788 perant,
358 3732 476 3787 occupata
500 3722 538 3771 vel
558 3721 692 3785 inquietata
710 3722 783 3774 luerit
813 3722 1365 3792 logiestudiis,clara,undcpauloiniraapud

234 3812 262 3847 ea
275 3798 347 3859 urbs,
359 3807 402 3846 aut
414 3798 487 3846 etiam
499 3813 514 3846 a
527 3795 604 3845 Persis
615 3805 667 3845 tum
675 3798 781 3862 primum
813 3797 930 3864 Sibyllam
942 3801 1099 3863 μαθηματική
1109 3819 1153 3867 nep
1165 3800 1257 3851 ἰοῦσαι
1267 3800 1366 3868 Philip·

234 3872 351 3935 usquead
365 3887 433 3921 oram
449 3872 510 3920 Asia
522 3870 670 3921 maritimam
683 3872 779 3922 dsscen-
813 3874 907 3937 popolis
929 3883 1012 3923 autem
1034 3891 1102 3941 pene
1125 3875 1150 3925 iu
1172 3875 1291 3941 pomoerio
1312 3876 1365 3927 sire

235 3947 293 3996 dere
313 3946 395 4006 ausis,
422 3945 618 4005 Gordianorum,
640 3947 671 3996 de
691 3948 781 4011 quibus
811 3948 930 3998 suburbio
944 3948 1109 4015 priorisnrbis
1116 3951 1364 4020 eonditaanilippn

218 4021 305 4074 ,modo
333 4018 466 4085 agebatur,
499 4020 658 4087 temporibus.
689 4020 780 4086 Utique
811 4021 1202 4089 imperatore,antrisoriundn,
1215 4043 1296 4094 neque
1310 4037 1364 4079 tum

233 4095 328 4146 etiamsi
342 4094 414 4145 lectio
428 4095 522 4158 Αἰγαῖοι
535 4095 560 4144 in
574 4096 677 4146 dubium
686 4095 776 4154 veniat,
809 4112 866 4146 saue
877 4099 1030 4150 existimante
1043 4100 1127 4152 ambas
1144 4102 1207 4164 illas,
1222 4101 1286 4152 sicut
1299 4105 1361 4155 alias

232 4173 294 4223 duos
305 4172 379 4221 hosce
392 4186 474 4220 versus
492 4171 524 4219 ad
540 4171 650 4222 Ciliciam
668 4182 778 4239 spectare
809 4173 897 4222 multas
909 4175 936 4224 iu
950 4175 1007 4225 Asia
1021 4193 1101 4243 nuper
1111 4186 1245 4228 exstructas
1256 4179 1296 4229 uel
1309 4196 1363 4232 ma·

233 4256 315 4313 patet:
329 4262 387 4297 nam
400 4256 426 4295 ct
437 4245 553 4312 Pyramus
566 4248 645 4297 amnis
656 4247 776 4314 Mopsues-
808 4248 860 4313 guis
872 4248 986 4316 impensis
1007 4261 1105 4302 ornatas
1119 4251 1228 4303 civitates
1246 4256 1308 4319 (qua
1330 4257 1362 4307 de

229 4323 290 4374 tiam
315 4322 401 4378 alluit,
423 4331 449 4371 et
474 4320 538 4386 AEgre
556 4333 613 4372 sunt
635 4323 667 4372 ad
687 4323 776 4373 ostium
807 4339 835 4381 rc
860 4341 985 4390 sapenos
1006 4327 1065 4378 alias
1089 4337 1114 4378 et
1135 4343 1208 4393 supra
1228 4329 1260 4379 ad
1289 4328 1363 4392 Xlll,

231 4396 337 4465 Pyrami.
358 4396 444 4448 Cetera
466 4395 566 4446 tortasse
581 4412 596 4445 a
613 4406 684 4461 poeta
701 4397 775 4462 gratis
810 4400 875 4465 tto).
889 4400 999 4451 barbaris
1019 4419 1075 4453 mox
1092 4402 1232 4453 adventuris
1251 4406 1363 4470 predam

229 4482 287 4524 sunt
299 4471 450 4537 excogitata
461 4471 568 4521 notanda
579 4479 668 4520 tamen.
807 4476 897 4542 parari.

448 4750 698 4992 n
