3186 5310
229 393 268 454 36
373 389 375 392 ’
555 395 813 456 smmum
835 394 962 456 ΛΟΓΟΣ
982 395 1017 455 Α.

334 515 508 637 ύὶΦφυγίη,
528 545 636 634 πρώτη
659 535 688 609 θ’
705 534 842 633 ἀναθύση
860 542 913 634 ἀφ’
929 533 1041 616 ὕδατος
1058 534 1174 631 ἀκρου·

333 649 446 738 Πρώτη
464 640 493 714 θ’
506 645 543 717 αὖ
560 650 676 742 θρέψεις
691 652 792 744 γενεὴν
807 653 909 742 έτέρην
925 649 1091 739 ἀνθρώπων

335 737 514 848 Ᾰρχομένην
530 753 631 835 αὖθις·
650 761 722 845 ε’σση
739 749 775 823 δὲ
792 758 900 849 τροφὸς
916 756 983 848 περὶ
1001 753 1137 821 πάντων.

388 853 467 932 Ᾰλλ’
483 866 536 932 ὅτε
554 855 592 940 θη
608 877 693 959 γενεῇ
714 862 754 932 τὰ
774 864 878 956 μάτην
897 865 1040 936 ἐλάλησεν
1060 861 1196 952 ἀθέσμῳ,

232 993 295 1035 200
337 952 471 1057 Ῠθιστές
486 977 511 1036 τ’
527 973 624 1063 ὤφθη,
643 973 720 1040 παλι
736 962 766 1037 θ’
783 970 864 1062 ἴαχε,
879 971 1015 1059 φώνησέν
1031 994 1075 1051 τε,
1136 1054 1138 1058 .

389 1062 461 1152 Πθη
477 1083 580 1173 καιρὸς
599 1083 727 1163 ε’πέστη,
747 1084 830 1158 Νῶε,
851 1075 892 1143 τὰ
908 1081 1011 1144 ἕκαστ’
1032 1073 1197 1167 ἀγορεύειν,

337 1163 429 1252 ὁσσα
445 1213 478 1253 τε
494 1187 592 1279 ἤματι
608 1199 653 1277 τῷ
672 1185 720 1252 σοὶ
738 1188 869 1258 ὑπέστην
890 1184 941 1250 καὶ
952 1182 1131 1263 καίένευσα,

337 1292 446 1360 Πάντα
461 1292 548 1386 μάλ’,
567 1295 644 1361 ὅσσα
659 1293 755 1387 πάρος
774 1291 872 1387 γενεαὶ
886 1289 969 1359 κακθι
987 1290 1067 1382 μυρί’
1085 1280 1230 1382 ἔπραξαν,

302 1416 308 1433 “
336 1381 427 1478 ῥέξαι
442 1402 602 1491 ἀπειρεσίῳ
619 1401 727 1492 κόσμῳ
743 1392 797 1467 θνα
809 1400 884 1469 λαὸν
904 1397 1025 1472 ἀπειθῆ.

233 1503 296 1571 2⁰5
339 1495 430 1575 Ᾰλλά
444 1508 533 1600 τάχει
547 1504 658 1602 ε’μύηθι
672 1509 725 1575 σὺν
740 1508 845 1592 υἱέσιν,
863 1498 920 1582 ἡδὲ
941 1498 1093 1597 δάμαρτι,

338 1614 404 1681 Καὶ
418 1616 560 1707 νύμφαις.
584 1617 724 1683 Κάλεσον
743 1608 772 1682 θ’
786 1615 908 1692 ὁπόσοις
922 1616 1050 1706 κέλομαι
1065 1611 1229 1706 ἀγορεύειν,

337 1714 547 1814 Τετραπύθων
563 1708 622 1818 [τά
639 1707 689 1814 τε]
710 1729 804 1815 φῦλα,
819 1723 871 1789 καὶ
887 1719 1011 1812 ἑρπετὰ,
1024 1720 1076 1787 καὶ
1094 1716 1236 1791 τετεηνά.

338 1827 444 1896 Τοῖσιν
460 1821 488 1896 θ’
507 1833 537 1896 ἐν
557 1830 715 1905 στήθεσσιν
733 1833 792 1924 ἐγὼ
807 1831 974 1922 μετέπειτα
991 1830 1145 1918 βαλοῦμαι

339 1937 537 2028 Προφρονέως
552 1937 639 2015 ἱέναι,
654 1937 774 2004 ὁπόσων
790 1931 868 2016 ζωὴν
882 1933 1034 2003 ε’πιτειλω.

234 2067 298 2108 210
391 2021 437 2122 έθς
452 2044 558 2135 ἔφατ’·
575 2042 671 2136 αὐτὰρ
688 2049 703 2111 ὁ
721 2047 774 2129 βῆ,
790 2047 870 2138 μέγα
885 2034 913 2109 θ’
927 2041 1008 2133 ἴαχε,
1022 2042 1154 2134 φώνησέν
1171 2063 1216 2106 τε.

340 2147 402 2218 Καὶ
415 2151 490 2219 τύτε
505 2144 534 2218 θ’
550 2150 587 2220 αὖ
602 2149 727 2242 ἄλοχος,
742 2152 794 2219 καὶ
813 2151 900 2235 υἱέες,
915 2141 973 2226 ηθέ
986 2175 1021 2243 γε
1035 2152 1161 2240 νύμφαι,

341 2254 424 2347 Οίκῳ
443 2250 600 2352 θουρατέῳ
614 2261 814 2332 έσελιίλυθον·
834 2254 930 2349 αὐτάρ
950 2257 1060 2323 ἔπειτα
1195 2244 1198 2260 ’

339 2365 441 2437 Βῆσάν
458 2371 487 2432 τ’
503 2362 585 2433 ἀλλα
602 2365 716 2448 ἕκασθ’,
735 2367 850 2456 ὅσαπερ
869 2365 944 2442 Θεὸς
960 2362 1043 2437 ἤθελ’
1062 2345 1199 2456 [ἐέρξαι].

340 2456 420 2537 Ᾰλλ’
431 2474 483 2539 ὅτε
498 2464 529 2536 θ’
545 2472 674 2566 ἁρμονία
689 2469 777 2550 κληῒς
793 2471 861 2562 περὶ
879 2474 963 2563 πῶμ’
976 2469 1113 2564 ἐγενηθη,

239 2575 300 2640 215
346 2577 398 2655 Εἰς
418 2563 556 2673 [πλάγέ]
571 2579 757 2671 ἀρμοσθιῖσα
780 2572 945 2668 περιξεστῷ
967 2579 1009 2643 ένὶ
1026 2581 1128 2669 χώρῳ,

343 2685 385 2753 Ah
402 2687 465 2752 τότ’
479 2684 667 2780 έπουρανίοιο
684 2688 765 2753 Θεοῦ
779 2683 925 2752 ἐτελείετο
942 2686 1053 2769 βουλη.

340 2793 397 2858 Σὺν
418 2784 447 2859 θ’
463 2788 570 2860 έύαλεν
589 2794 728 2885 νεφέλας,
746 2790 858 2883 κρύψεν
872 2782 907 2858 θὲ
922 2791 1082 2885 πυραυγέα
1101 2781 1224 2856 δίσκον·

342 2894 399 2965 Σὺν
415 2893 445 2964 θ’
463 2895 587 2991 οἴστροις
606 2904 716 2992 μένην,
735 2900 786 2967 καὶ
799 2897 935 2990 οὐράνιον
951 2899 1149 2990 στεφάνωμα,

343 3005 456 3074 Πάντα
471 3008 709 3100 περισκεπάσας,
725 3005 835 3102 μεγάλ’
849 3008 974 3090 ἔκτυπε,
993 2998 1086 3092 δεῖμα
1106 3006 1259 3096 βροτοῖσι,

238 3136 302 3176 220
345 3116 529 3206 Πρηστῆρας
543 3117 694 3200 πέμπων·
715 3113 967 3209 συνεπηγείροντο
988 3106 1019 3180 θ’
1038 3113 1133 3186 ἀῆται

343 3220 476 3307 Πάντες,
492 3224 545 3289 καὶ
560 3213 686 3289 ὑδάτων
701 3216 809 3316 φλέύες
826 3223 971 3288 έλλύοντο
995 3219 1126 3304 ἅπασαι,

342 3328 513 3420 Οὐρανύθεν
532 3330 672 3425 μεγάλων
693 3330 895 3424 ἀνοιγομένων
909 3336 1126 3420 καταρακτῶν,

342 3419 404 3503 Καὶ
420 3446 525 3530 μυχῶν
543 3438 633 3530 γαίης
654 3439 706 3504 καὶ
724 3432 860 3504 ἀύύσσου
876 3435 1050 3528 ἀκαμάτοιο
1135 3468 1139 3473 ·

341 3524 451 3609 Ῠθατα
468 3544 631 3637 μυριύεντα
652 3545 744 3634 φάνη,
765 3542 872 3638 καὶγῆ
893 3543 1044 3636 ἐκαλύφθη

236 3648 298 3714 225
342 3650 436 3716 Πᾶσα
456 3651 636 3742 ἀπειρέσιος.
658 3653 757 3729 Αὐτὸς
777 3642 805 3716 θ’
824 3653 989 3741 ἐπενέχετο
1008 3645 1115 3744 ὅμύρῳ

346 3750 441 3836 Οἶκος
461 3758 639 3836 θεσπέσιος·
661 3764 804 3825 πολλοῖσι
824 3749 861 3823 δέ
876 3758 991 3848 κύμασι
1006 3752 1134 3850 λάύροις

344 3846 548 3957 Ρηγνύμενος,
565 3867 616 3931 καὶ
634 3851 801 3957 νηχύμενος
818 3864 935 3955 ἀνέμων
953 3866 1010 3931 ὑπὸ
1027 3870 1128 3956 ῥιπῆς,

343 3949 468 4060 Πρνυτο
488 3962 670 4063 θειμαλέως·
691 3974 798 4063 ἔτεμεν
818 3962 853 4037 θέ
870 3997 905 4065 γε
928 3969 1032 4061 μυρίον
1048 3970 1145 4064 ἀφρὸν

343 4076 466 4169 Στείρᾳ,
481 4081 644 4172 κινυμένων
665 4071 790 4147 ὑθάτων
813 4073 1090 4172 κελαρυζομενάων.

233 4264 266 4276 -
286 4240 342 4301 199,
355 4256 408 4309 sqq.
426 4240 518 4295 Diluvii
534 4243 643 4295 universi
656 4242 774 4308 narratio.
791 4271 822 4281 -

271 4363 326 4420 196,
340 4377 393 4429 sqq.
407 4361 456 4414 cfr.
466 4364 543 4423 infra,
558 4368 617 4424 261,
628 4380 681 4431 sqq.
693 4374 718 4415 et
726 4363 778 4424 Vll,
794 4364 846 4414 'cit
858 4364 915 4432 Ops.
937 4363 1029 4415 Deinde
1047 4361 1121 4413 iidem
1138 4363 1180 4413 καὶ
1194 4362 1303 4427 ἑρπετῶν
1318 4356 1360 4409 καὶ

236 4437 343 4505 12151111·
814 4442 949 4501 πετεηνῶν.
968 4458 973 4489 :
989 4456 1053 4490 corr.
1067 4440 1124 4506 Ομε.
1144 4438 1284 4488 lationem
1302 4449 1360 4486 νετο

268 4514 328 4563 207.
348 4513 426 4565 Godd.
440 4515 472 4566 τά
485 4529 513 4566 τε
527 4531 577 4566 non
587 4515 680 4567 hubent
694 4534 700 4566 ι
714 4516 781 4583 adje·
814 4517 946 4567 πετιεινῶν
960 4516 1032 4581 plane
1046 4530 1111 4566 nuuc
1125 4514 1269 4565 omittimus.
