3186 5310
448 419 731 484 sintntnonnn
754 422 829 482 nin.
851 421 1127 501 vtn,§2(1xr).
1292 373 1352 482 aaa

236 556 298 620 235
323 559 348 620 L
376 557 486 644 inquet
505 555 590 619 enim
603 554 679 619 celsi
694 554 785 634 nihil,
800 555 1005 645 aequabitque
1024 556 1180 645 supremis

323 665 337 727 I
375 662 483 728 nfima.
501 660 641 750 Navigiis
654 686 720 726 non
734 663 877 752 pandent
892 686 1020 751 aequora
1035 662 1166 727 mollem

323 772 352 833 U
378 770 420 834 lla
433 772 527 835 viam.
548 770 658 834 Tellus
672 787 783 834 uretur
794 769 928 834 fulmine
947 799 954 834 ε
972 769 1078 834 fontes

321 881 343 944 S
379 878 483 954 iocati,
500 877 722 967 crepitumque
738 876 827 941 vadis
841 877 1005 942 arentibus
1017 900 1139 942 amnes.

321 988 343 1052 S
375 987 414 1052 ed
428 987 505 1051 tuba
523 986 563 1049 de
580 984 658 1050 caelo
671 986 803 1073 longum
816 1002 849 1049 et
860 986 1030 1075 lugubrem
1043 985 1197 1050 ululatum

166 1114 171 1122 ·
234 1100 301 1176 arlo
324 1096 352 1158 A
380 1093 487 1174 fferet,
504 1091 622 1156 insanis
637 1115 732 1155 omen
744 1091 880 1180 lugubre
898 1092 1061 1159 dolorum.

319 1203 345 1265 L
375 1199 472 1266 uridav
481 1217 551 1264 tum
566 1200 668 1289 ruptis
679 1200 832 1289 patefient
845 1201 977 1265 Tartara
990 1202 1085 1266 terris
1100 1231 1107 1266 ι

320 1312 349 1374 U
376 1334 416 1374 na
432 1330 544 1373 omnes
559 1312 675 1396 magn'o
692 1307 823 1372 stabunt
839 1305 1017 1394 subjudice
1032 1329 1146 1395 reges:

320 1418 341 1482 S
374 1415 490 1483 ulfuris
507 1433 604 1504 atque
616 1414 698 1503 ignis
712 1431 784 1480 ruet
795 1414 860 1479 alto
880 1438 919 1478 ex
937 1415 1055 1479 aethere
1069 1431 1209 1478 torrens.
1319 1421 1320 1424 ’

321 1527 335 1588 l
376 1525 487 1614 nsigne
502 1540 535 1588 et
548 1523 672 1588 cunctis
689 1522 792 1587 aderit
808 1521 956 1587 mirabile
971 1520 1039 1586 visu

232 1633 295 1714 245
320 1634 351 1698 N
376 1632 443 1697 ullo
458 1648 507 1696 sat
522 1632 608 1696 cultu
628 1630 700 1695 fidis
716 1631 898 1695 venerabile
912 1629 1046 1718 lignum,

320 1743 345 1804 C
377 1762 458 1802 ornu
476 1738 610 1818 almum,
628 1737 716 1826 quod
730 1738 794 1801 vita
810 1738 882 1827 piis,
898 1737 1037 1803 offensio
1050 1736 1170 1803 mundo
1184 1754 1243 1814 est,

322 1850 348 1911 R
379 1870 550 1935 espergens
564 1863 690 1911 sanctos
704 1846 855 1911 duodeno
868 1845 971 1924 fonte,
986 1868 1164 1934 regensque

323 1956 352 2018 U
379 1954 450 2019 nius
463 1953 600 2044 imperio
613 1953 766 2042 populos,
782 1975 840 2016 ceu
854 1951 959 2017 ferrea
972 1952 1071 2042 virga.

323 2064 347 2126 C
378 2061 508 2126 arminia
521 2062 572 2126 hic
584 2059 686 2125 nostri
700 2076 748 2125 est
762 2083 861 2149 quem
871 2061 978 2149 prima
992 2077 1106 2125 notant
1118 2061 1290 2143 elementa,

235 2168 300 2233 250
323 2169 350 2231 E
378 2184 391 2230 t
406 2166 461 2255 qui
473 2190 534 2255 pro
548 2166 644 2230 nobis
662 2165 778 2230 cecidit
789 2189 846 2230 rex
860 2182 957 2254 atque
971 2164 1179 2255 redemptor:

325 2275 432 2357 Quem
447 2290 556 2336 sancta
571 2297 608 2337 ex
624 2273 689 2337 alto
707 2270 903 2362 protendens
920 2273 1052 2337 brachia
1064 2274 1174 2339 Moses

325 2379 502 2468 Significat,
524 2378 599 2444 fidei
614 2378 691 2444 dum
709 2379 772 2443 telo
788 2377 950 2444 Amalecia
963 2379 1061 2444 vincit

326 2488 480 2574 Agurina;
496 2510 537 2550 ne
553 2485 648 2551 lateat
660 2486 828 2575 populum,
848 2509 946 2575 quam
959 2504 1068 2552 sancta
1080 2486 1228 2578 patrique

325 2596 406 2657 Cara
418 2595 487 2658 Deo
503 2593 543 2658 sit
555 2592 643 2682 virga
659 2591 773 2671 David,
788 2593 964 2684 promissus
976 2611 1009 2659 et
1023 2594 1083 2684 ipsi

238 2699 302 2765 255
326 2700 416 2790 Saepe
435 2700 529 2790 lapis,
543 2724 608 2789 quo
623 2699 677 2788 qui
692 2701 790 2765 stabit
806 2703 901 2782 bene,
920 2703 1004 2767 vivet
1016 2701 1049 2766 in
1061 2726 1175 2768 aevum.

371 2810 522 2898 Namque
538 2809 579 2873 ad
587 2807 747 2894 judicium
759 2809 878 2889 veniet,
894 2834 960 2875 non
974 2810 1045 2875 luce
1061 2811 1236 2901 refulgens,

326 2916 390 2982 Sed
407 2940 465 3005 par
480 2916 662 3004 terrigenis,
676 2933 712 2981 ut
724 2941 796 3007 spes
807 2918 962 2984 reddatur
977 2918 1140 3008 adempta,

327 3025 368 3088 Et
379 3022 518 3088 formam
531 3041 683 3113 corrupta
696 3047 771 3089 caro
786 3041 882 3113 atque
897 3023 993 3089 infida
1004 3039 1170 3088 resumant

235 3235 322 3277 ventus
335 3223 512 3275 incarnationis
525 3240 581 3291 ope,
596 3223 680 3274 habito
694 3224 762 3291 prins
773 3224 873 3290 jamque
892 3223 997 3291 aprima
1011 3240 1093 3274 rerum
1111 3224 1205 3290 origine
1220 3241 1277 3275 cum
1294 3223 1367 3275 Patre

234 3311 268 3362 de
287 3326 315 3361 ca
328 3327 356 3360 re
374 3309 485 3370 consilio,
506 3326 593 3375 nempe
609 3319 637 3359 ut
651 3308 762 3359 homines
774 3326 788 3359 a
800 3309 872 3361 Patre
888 3309 964 3360 creati
974 3326 1018 3376 per
1031 3307 1121 3359 Filium
1132 3320 1318 3361 renovarentur.
1333 3338 1365 3350 -

270 3489 328 3538 246.
347 3485 506 3553 Πρόσκομμα
521 3484 620 3547 κόσμου
632 3501 638 3532 :
649 3483 696 3534 elr.
712 3483 781 3534 Paul.
817 3483 932 3535 Ecclesia
952 3483 1086 3552 supposito,
1100 3484 1146 3537 cfr.
1167 3484 1189 3548 l,
1209 3487 1268 3544 345,
1283 3494 1309 3535 et
1321 3483 1365 3536 Sa·

233 3561 268 3614 ed
277 3561 361 3626 ,Galat
372 3577 426 3628 cap.
439 3563 464 3618 5,
480 3576 504 3610 v.
520 3562 557 3617 tl,
568 3568 593 3608 et
605 3558 669 3608 Petr.
680 3558 751 3627 epist.
762 3560 782 3620 l,
816 3576 884 3610 eram
898 3559 1050 3629 scripturam
1064 3559 1163 3628 passim.

233 3655 290 3706 cap.
306 3641 332 3698 2,
346 3654 368 3688 v.
379 3642 403 3688 8.
421 3635 440 3685 E
454 3635 595 3702 prophetis,
610 3634 664 3684 lsai.
680 3652 734 3702 cap.
749 3640 781 3699 8,
850 3639 908 3686 255.
929 3635 965 3684 Ex
976 3636 1065 3687 loann.
1076 3636 1167 3700 Evang.
1181 3651 1234 3702 cap.
1250 3639 1364 3697 2126.

233 3731 259 3767 ν.
272 3718 311 3766 44.
325 3712 406 3764 Etiam
420 3711 507 3777 Sibyll.
521 3712 540 3773 l,
555 3714 625 3766 ³45„
850 3715 907 3762 256.
928 3711 1005 3761 Codd.
1019 3712 1130 3778 plerique
1147 3711 1239 3774 ἄλλως,
1253 3711 1367 3776 indivise,

269 3794 328 3842 att.
347 3787 408 3840 Novi
422 3786 494 3837 codd.
515 3786 595 3837 ὕδασι.
616 3785 708 3836 Deinde
725 3786 783 3852 qui·
817 3786 904 3837 omisso
920 3804 1004 3837 versus
1028 3789 1085 3847 line,
1102 3803 1174 3853 quem
1198 3788 1286 3838 dedere
1309 3789 1367 3840 novi

234 3867 293 3919 dam
305 3867 427 3931 φωτίζων.
440 3862 491 3913 ctr.
502 3861 574 3925 infra,
587 3864 645 3912 att.
816 3863 887 3913 codd.
897 3863 1070 3915 ludiciumhie
1078 3863 1217 3929 antiquiore
1226 3881 1297 3914 sensu
1306 3881 1367 3933 cape

270 3945 328 3994 248.
348 3940 398 3991 Ct'r.
408 3938 496 3988 Psalm.
511 3941 536 3999 2,
552 3954 574 3986 v.
586 3943 610 3995 8,
620 3947 645 3988 et
660 3937 745 4004 Sibyll.
756 3938 782 3997 l,
817 3938 847 3988 de
859 3938 939 4005 primo
947 3940 1053 3988 adventu
1066 3937 1171 4000 Christi,
1182 3949 1207 3990 et
1216 3938 1270 3991 vide
1285 3950 1337 3992 not.

236 4022 295 4072 345.
851 4018 910 4072 25'l,
924 4031 962 4080 aq.
979 4015 1055 4065 Codd.
1073 4014 1182 4081 plerique
1192 4026 1244 4083 post
1253 4016 1366 4084 ἄμορφος

270 4096 328 4145 249.
346 4091 424 4142 Codd.
439 4091 491 4149 alii,
504 4090 683 4155 ἀκροστιχίοιν.
717 4091 719 4095 ’
819 4090 929 4140 lacunam
944 4090 1049 4150 habent,
1068 4106 1141 4155 quam
1163 4093 1283 4159 supplevit
1297 4093 1365 4144 Lact.

270 4173 328 4221 252.
346 4170 433 4218 Πίστει
446 4165 580 4232 improprie
591 4166 622 4215 de
634 4165 732 4215 Christo
739 4181 785 4214 nec
820 4164 862 4229 lV,
874 4182 929 4232 cap.
943 4168 982 4228 16,
992 4165 1060 4215 bunc
1070 4175 1094 4216 et
1108 4182 1158 4231 seq.
1172 4183 1269 4218 versum
1279 4169 1365 4220 citans.

234 4246 295 4299 satis
306 4243 378 4312 digne
392 4260 399 4293 t
411 4243 453 4294 ced
467 4252 491 4292 et
503 4238 537 4291 sic
550 4241 623 4298 inira,
638 4244 696 4291 att.
820 4240 881 4289 Novi
894 4240 967 4292 etiam
976 4241 1047 4291 codd.
1057 4256 1153 4291 versum
1165 4243 1224 4294 dant
1236 4244 1365 4311 integrum,

270 4324 329 4372 254.
348 4319 383 4369 De
393 4318 459 4384 virga
476 4334 518 4368 seu
536 4333 623 4383 genere
635 4315 712 4366 David
726 4332 785 4365 con·
820 4317 860 4366 sed
875 4317 900 4366 ἐν
914 4315 1009 4373 οἴκτοις
1022 4317 1165 4384 praeierunt.

234 4402 273 4453 fer
290 4396 333 4457 vt,
352 4398 392 4445 46.
415 4392 444 4444 ln
465 4394 513 4444 line
534 4393 631 4458 vulgata
654 4392 714 4441 olim
732 4401 786 4443 erat
853 4395 910 4443 258.
927 4393 1004 4443 Codd.
1014 4393 1132 4459 plerique,
1142 4394 1184 4444 aul
1192 4395 1369 4467 φθαρτῆςσαρ-

233 4474 311 4530 lectio
329 4473 363 4529 εἰς
386 4468 413 4522 ὃν
426 4471 528 4529 ἐπέστη,
543 4469 585 4520 sed
596 4468 654 4518 nori
670 4467 742 4518 codd.
757 4479 785 4519 ut
819 4470 865 4525 κὸς
880 4476 976 4536 μορφῇ,
992 4482 1062 4520 versu
1076 4468 1166 4520 deinde
1179 4479 1312 4522 truncato:
1326 4475 1368 4526 ted

234 4549 333 4606 mlle
341 4546 447 4604 Christo,
459 4555 577 4613 tanquam
586 4543 667 4611 lapide
678 4544 784 4612 epiritali
819 4543 877 4594 novi
888 4544 959 4595 codd.
974 4553 1003 4595 ut
1014 4560 1066 4596 nos.
