3186 5310
344 1019 1224 1197 SIBYLLINORUM
1331 1076 1335 1084 ⁴

496 1421 1093 1547 orrentonnrr

568 1768 721 1847 tronti
750 1767 1020 1870 Quirinos.

325 2339 423 2420 Audi,
439 2362 516 2427 gens
529 2338 613 2402 Asiae
628 2337 814 2426 praenobilie
829 2339 1049 2428 Europaeque,

325 2445 486 2526 Carmina,
506 2441 682 2508 multisono
697 2460 856 2531 quaesunt
870 2443 1034 2509 verissima
1048 2463 1142 2511 cantu

324 2549 533 2617 Vaticinanda
547 2573 632 2630 meo,
648 2573 713 2613 non
728 2549 798 2614 falsi
811 2550 943 2615 numine
956 2551 1069 2630 Phoebi

327 2658 479 2746 Improba
490 2656 639 2751 jaetantis
652 2655 830 2739 mendacia,
843 2680 939 2745 quern
951 2657 1113 2722 malesano

285 2765 303 2830 5
326 2764 480 2830 Mortales
495 2763 581 2828 oultu
595 2778 700 2826 vatem
715 2761 819 2827 fecere
832 2763 1015 2851 deumque;

326 2870 392 2938 Sed
405 2891 522 2957 magno
536 2868 676 2932 dictante
692 2869 774 2949 Deo,
790 2892 887 2957 quem
899 2893 966 2933 non
980 2893 1092 2934 manus
1106 2869 1172 2934 ulla

324 2975 488 3044 Formavit
501 2973 637 3041 similem
651 2974 749 3040 mutis
762 2975 803 3040 de
817 3000 980 3042 marmore
995 2977 1111 3067 signio,

324 3085 392 3150 Neo
407 3085 523 3149 domus
537 3099 585 3146 est
598 3080 643 3147 illi
658 3106 769 3147 saxum
782 3081 815 3146 in
832 3083 1003 3170 penetralia
1018 3100 1169 3165 tractum,

235 3291 296 3341 adeo
308 3290 425 3355 templum
438 3280 558 3344 excisum,
575 3290 631 3348 115,
646 3303 693 3352 tq„
703 3295 728 3336 et
741 3288 806 3353 piam
819 3297 914 3352 gentem
926 3286 1029 3336 deletum
1039 3288 1121 3349 deflet,
1137 3293 1194 3352 tto,
1205 3306 1257 3358 tqq.
1270 3291 1361 3359 dim·

235 3375 310 3434 tium,
328 3374 353 3425 id
369 3381 413 3437 ert,
431 3371 631 3432 Alexandrinum,
653 3371 723 3421 lacile
741 3372 825 3421 eredat
838 3371 870 3420 ob
882 3387 965 3421 versut
979 3375 1010 3421 12
1022 3388 1076 3438 sqq.
1091 3373 1143 3424 ctr.
1162 3373 1222 3425 Ere.
1241 3383 1317 3426 nortr.
1331 3375 1361 3437 V,

237 3476 293 3527 etp.
307 3461 367 3510 2.-
379 3461 404 3519 1,
419 3472 472 3524 sqq.
485 3456 617 3507 Exordium
629 3456 743 3507 adversus
756 3455 870 3506 falsorum
877 3455 977 3505 deorum
992 3457 1107 3521 cultores,
1122 3458 1147 3506 in
1160 3475 1209 3525 quo
1220 3468 1288 3510 vetet
1300 3459 1362 3526 [sio-

197 3546 200 3550 ’
240 3555 270 3595 ut
287 3542 413 3608 antiquior
430 3541 481 3602 ille,
501 3540 545 3601 ill,
560 3541 635 3606 ttt],
658 3539 724 3590 haud
741 3540 921 3591 dissimulanter
940 3540 1039 3591 nomine
1056 3558 1081 3592 te
1099 3541 1217 3610 Sibyllam
1233 3553 1313 3596 νοω.
1331 3571 1361 3582 -·

234 3726 304 3776 tione
313 3727 382 3787 ιλῦε,
393 3724 465 3774 metri
475 3741 545 3774 cauta
555 3741 600 3790 pro
610 3724 669 3775 κλύε
680 3740 688 3776 :
701 3740 783 3774 veram
814 3727 993 3792 χρησμηγόρου
1012 3725 1122 3776 Clemens
1141 3726 1208 3776 hunc
1221 3737 1247 3777 et
1264 3737 1315 3778 tret
1326 3744 1364 3781 te-

233 3800 385 3867 teripturtm
397 3798 524 3850 reddidere
536 3800 594 3849 novi
607 3800 678 3849 codd.
815 3810 918 3865 quentet
926 3799 1003 3850 citant
1013 3815 1106 3859 versus,
1115 3800 1236 3869 Protrept.
1251 3819 1305 3870 pag.
1318 3808 1360 3865 ll,

269 3879 294 3928 2.
314 3875 378 3926 Olim
402 3875 602 3939 μιλιφθέγκτοιο,
627 3890 672 3924 nec
697 3875 779 3924 mule:
814 3873 852 3925 ed.
861 3873 1098 3941 0x.,proquonovi
1110 3877 1182 3926 codd.
1193 3878 1360 3946 ψευδηγόρου,

233 3952 293 4002 elim
313 3951 379 4001 enim
398 3958 469 4000 voert
489 3947 579 4016 Sibyll·
599 3965 692 3999 murem
713 3966 781 4000 suem
815 3949 984 4000 minuttemen
993 3961 1059 4002 reete
1068 3962 1169 4019 propter
1181 3954 1362 4021 ψευδοῦςῳιοά

233 4027 374 4089 πολυγηθέα
388 4026 486 4090 φωνήν,
499 4023 536 4083 tl,
550 4028 575 4082 3,
593 4034 618 4074 et
632 4025 780 4095 lnepdtcoor
815 4035 978 4093 precesserat.

232 4104 335 4162 ἀοιδήν,
349 4100 396 4159 xl,
420 4103 483 4162 ³243
503 4098 560 4157 xit,
583 4103 641 4150 296.
663 4098 710 4150 Sed
723 4101 782 4151 novi
848 4105 872 4152 1.
892 4099 956 4150 Olim
970 4103 1144 4157 λιθοίἑστοισιν
1155 4103 1228 4153 :novi
1241 4104 1312 4154 eodd.
1328 4106 1363 4156 11-

233 4178 304 4228 oodd.
315 4178 506 4241 πολυφθόγγοιο,
517 4184 545 4224 ut
556 4190 613 4231 not;
627 4184 703 4240 utque
713 4190 779 4225 sum·
812 4179 863 4233 θοις
877 4177 1020 4238 domnici,
1039 4177 1104 4226 unde
1123 4186 1206 4229 nottro
1226 4179 1308 4229 lectio.
1326 4180 1363 4231 De

221 4253 317 4315 ,mom
330 4251 454 4310 dicemus,
472 4250 568 4316 quoties
580 4266 630 4299 uon
647 4249 714 4299 aliud
727 4266 780 4301 mo·
810 4249 905 4303 ἄλλοισι
919 4251 986 4317 quod
999 4250 1025 4301 in
1040 4252 1151 4305 ἀλάλοισι
1163 4254 1312 4304 mutavimus
1320 4271 1363 4306 oe-

232 4328 339 4386 nebitur,
352 4325 411 4377 sciet
425 4326 503 4377 lector
513 4342 601 4376 novem
616 4341 660 4375 not
675 4325 779 4393 seriptu-
809 4327 888 4376 eurrit
907 4342 969 4389 saepe
990 4327 1016 4375 in
1036 4326 1162 4393 Sibyllinis
1184 4329 1362 4395 controversie,

233 4403 373 4469 nmtequi.
811 4401 855 4465 lll,
872 4405 920 4461 tt;
936 4400 989 4459 tlt,
1005 4405 1044 4453 ll.

268 4483 290 4530 1.
308 4477 372 4530 otim
395 4477 570 4542 χρησμήτορος
593 4491 599 4526 :
624 4477 666 4527 ted
689 4477 779 4543 legeret
846 4486 871 4530 11.
891 4476 957 4528 Olim
968 4479 1106 4544 ἱδρυθέντα.

1315 4914 1326 4931 ,1

1312 4950 1316 4959 .
