3186 5310
233 393 292 452 384
733 388 849 448 NOTAE

231 537 261 571 ax
275 530 340 571 certa
351 521 455 586 quadam
473 520 567 587 sibique
581 519 702 570 constanti
716 519 775 568 doc·
801 520 888 586 nisque
900 516 1014 580 condita,
1030 518 1067 566 vel
1080 515 1248 583 sarcophagis,
1258 514 1349 582 qriibas

230 595 297 645 trina
310 594 489 659 chronologica.
505 604 646 658 argumento
660 603 696 643 est
710 594 778 659 quod
801 594 994 653 absumerentur,
1020 593 1122 643 inclusa.
1152 593 1244 642 mum
1277 592 1350 641 illam

231 669 306 721 bisin
318 670 429 719 eumdem
444 684 572 719 numerum
585 668 712 728 relabitur,
726 668 776 729 xt,
801 669 939 733 proximum
948 669 1020 718 fuisse
1033 684 1116 733 regum
1130 667 1222 734 palatio
1236 666 1348 716 subindi-

232 743 776 807 tt2;xl1,tt.tti1arisnuttumisrinsdoc-
801 753 841 793 cat
854 744 936 794 addita
956 759 1002 792 vox
1020 741 1115 798 οἴκοθι,
1137 743 1203 807 quod
1224 743 1300 792 etiam
1317 757 1347 792 ea

231 820 302 870 trina
319 819 445 885 vestigium
461 820 526 884 apud
543 828 636 869 ceteros
649 819 777 883 scriptores
801 816 926 869 Plutarchi
939 818 1079 869 narratione
1087 819 1118 868 de
1131 817 1233 868 Antonii
1245 826 1272 867 et
1279 817 1348 867 Cleo·

232 911 371 946 occurrere.
385 895 460 955 >Quod
480 894 500 943 si
519 895 606 945 ducem
624 903 720 943 secutus
741 903 777 944 est
802 903 877 959 patra
885 903 964 943 morte
975 894 1049 959 magis
1060 893 1149 942 elucet.
1164 891 1288 942 Habemus
1303 908 1346 942 aa·

232 969 374 1031 Noster(id
388 986 445 1019 vero
462 968 532 1018 nobis
548 968 649 1018 omnino
669 972 777 1031 certum)
801 978 851 1019 tem
876 970 1027 1019 monumenti
1057 967 1177 1026 formam,
1197 984 1251 1033 qua
1276 977 1346 1017 antea

231 1046 339 1111 aliquem
346 1045 493 1111 sapriorem,
503 1044 524 1093 is
533 1060 577 1094 nec
587 1044 657 1093 ralde
664 1045 778 1110 antiquus
801 1043 883 1109 ignota
894 1054 947 1094 erat
957 1079 964 1104 ‚
975 1042 1046 1093 facile
1058 1060 1089 1093 en
1102 1043 1150 1093 boe
1161 1042 1285 1111 Sibyllino
1294 1042 1346 1092 loco

232 1121 307 1171 fuerit
320 1136 365 1170 nec
385 1120 489 1170 multum
509 1119 654 1170 auctoritate
674 1119 778 1169 valuerit
800 1118 1002 1168 describendam:
1024 1119 1141 1168 rotundas
1158 1117 1207 1168 fuit
1224 1117 1346 1177 tumultu,

232 1205 338 1263 oportet,
349 1195 417 1260 cujus
425 1194 509 1260 opinio
520 1210 567 1244 nec
576 1195 674 1244 laudata
683 1210 728 1243 nec
737 1211 777 1243 re·
800 1195 949 1260 περίδρομος
959 1194 1066 1253 τύιιδος,
1084 1193 1167 1243 multis
1179 1193 1275 1243 circum
1288 1192 1346 1242 obe·

232 1271 322 1331 letata,
338 1270 412 1320 immo
426 1286 457 1319 ue
475 1269 550 1319 citata
562 1270 662 1335 quidem
676 1269 708 1318 ab
726 1269 777 1318 ullo
801 1267 866 1318 lisois
879 1270 916 1318 vel
930 1268 1030 1334 fastigiis
1054 1269 1195 1330 decoratio,
1219 1269 1346 1318 πολλαῖσιν

232 1347 353 1413 scriptore
369 1346 500 1411 reperitur.
520 1345 610 1410 Utique
622 1361 682 1410 quos
695 1343 777 1394 Rome
802 1343 959 1410 ίφάρμοστος
971 1345 1136 1409 aopupaiam,
1155 1359 1230 1409 quam
1243 1343 1346 1393 formam

231 1423 335 1488 dempsit
347 1432 475 1472 aunosctv
490 1421 527 1470 vel
541 1433 583 1482 cv,
599 1420 779 1470 necessariore·
802 1419 879 1468 nostri
889 1419 1013 1469 interdum
1034 1417 1162 1467 architecti
1182 1418 1346 1504 pictoresque,

231 1494 777 1564 pumtemporibusdetraxit.ldsanemultum
801 1494 929 1559 supplente
950 1493 1087 1543 doctrinam
1119 1493 1234 1558 inpenso,
1258 1492 1348 1544 Gratia

234 1573 368 1623 Niebuhrio
379 1571 518 1639 placuisset,
528 1570 692 1620 Romanarum
702 1570 779 1622 histo-
802 1567 935 1618 artificibus
946 1567 1016 1618 itucii
1029 1567 1213 1634 subripuerunt.

233 1648 327 1698 riarum
337 1645 488 1711 sagacissimo
498 1645 660 1696 reformatori.
680 1645 778 1696 Notavit

234 1723 301 1772 enim
314 1737 421 1771 summus
434 1720 472 1768 vir
485 1720 533 1771 srde
545 1736 595 1770 non
607 1736 657 1769 esse
668 1720 776 1785 dignum,
959 1738 996 1775 Ab
1012 1737 1115 1777 unnim
1132 1723 1187 1775 ΧΙΙ.

234 1797 346 1863 exemplo
359 1795 449 1861 quippe
463 1791 548 1845 carens
559 1795 585 1844 in
599 1795 709 1844 omnium
720 1812 778 1860 gerr-

233 1873 296 1926 tium
314 1870 455 1932 annalibus,
469 1871 554 1936 grand
574 1870 652 1935 spatio
674 1869 777 1919 duorum
837 1879 943 1926 :to-38.
965 1875 1043 1926 lomus
1065 1875 1164 1924 omnino
1182 1873 1346 1932 christianin,

236 1965 295 1998 cum
311 1946 413 1996 dimidio
434 1946 576 1995 seculorum
597 1961 670 2011 regna
686 1955 779 2011 septem
802 1949 914 2016 ideoque,
927 1949 1007 2000 brevis
1017 1950 1082 2010 licet,
1094 1950 1120 1999 iu
1129 1959 1232 2000 auctora
1250 1948 1347 2015 pcaitns

234 2025 351 2073 dunmxat
359 2020 489 2077 contineri,
497 2020 631 2087 ptoserlim
642 2036 717 2085 quum
727 2020 779 2086 plo-
802 2024 884 2075 ludeo
898 2025 1020 2075 notabilis.
1037 2024 1083 2074 Sed
1093 2023 1169 2074 ludaei
1183 2024 1236 2086 isti,
1249 2039 1348 2090 praser-

234 2098 419 2163 riqueistireges
426 2096 533 2145 violenta
541 2105 618 2145 morte
627 2095 716 2145 sublati
724 2112 779 2161 per·
802 2099 847 2149 tim
860 2100 902 2164 qui
922 2100 1053 2166 aliquando
1072 2100 1210 2150 christiana
1227 2101 1346 2150 doeeina

232 2173 446 2230 bibeantur,unus
456 2171 778 2231 senexadsolinmerectus,
803 2175 882 2225 obiter
900 2176 988 2226 initiati
1003 2175 1120 2235 fuissent,
1138 2176 1195 2225 inde
1213 2176 1246 2226 ad
1268 2177 1346 2242 patria

233 2249 295 2298 alius
309 2248 418 2296 noudum
438 2262 510 2296 senex
524 2246 584 2295 solio
597 2244 712 2310 dejectus.
729 2246 778 2295 Sed
802 2267 870 2301 saera
886 2252 991 2311 reversi,
1004 2252 1087 2301 desua
1099 2267 1156 2301 eum
1174 2251 1269 2301 Nostris
1280 2266 1346 2300 oom-

233 2339 265 2372 ne
276 2323 327 2389 ipse
336 2321 433 2387 quidem
444 2321 591 2371 Niebuhrins
600 2320 719 2386 Sibyllino
731 2320 778 2370 hoc
803 2327 893 2376 mencio
906 2328 1057 2377 retinuerant
1067 2327 1136 2392 quasi
1143 2327 1252 2376 notorem
1259 2342 1347 2391 quem·

234 2398 383 2457 testimonio,
394 2398 414 2446 si
429 2407 514 2447 notrum
527 2396 659 2454 habuisset,
673 2397 778 2445 mrrltum
802 2404 859 2453 dam
866 2404 954 2468 passim
967 2418 997 2452 ex
1008 2403 1115 2467 ipsomm
1130 2402 1226 2467 ,criptis
1237 2401 1347 2450 emim.

234 2491 260 2524 ae
269 2476 394 2540 jactasset,
409 2483 460 2523 tom
476 2472 578 2522 infirmo
592 2473 683 2538 quippe
693 2482 778 2522 1111110·
803 2487 866 2537 tem,
882 2488 907 2527 et
918 2486 1056 2526 nostrarum
1068 2476 1212 2542 opinionum
1232 2474 1349 2541 vestigia,

234 2550 322 2600 ritatis.
336 2550 416 2600 Etiam
427 2548 470 2613 qui
479 2548 545 2597 illam
554 2548 695 2597 sententiam
702 2556 778 2614 poete
803 2554 884 2618 qualia
906 2553 945 2602 his
964 2561 1056 2602 auster
1070 2552 1096 2601 in
1108 2550 1147 2601 his
1159 2552 1294 2617 prasertim
1306 2551 1344 2600 al-

235 2634 318 2675 nostro
329 2623 504 2685 commodavit,
524 2622 631 2687 aliquem
648 2622 720 2670 fuisse
732 2638 779 2687 pu·
803 2629 869 2678 timis
880 2628 950 2677 libris
964 2625 1190 2692 deprehenduntur,
1199 2625 1275 2685 infra,
1285 2629 1344 2687 att,

235 2709 315 2750 tamus
333 2698 479 2765 Sibyllarum
498 2697 626 2754 fautorem,
637 2696 679 2762 qui
696 2712 710 2745 e
731 2696 779 2745 Ro·
805 2703 877 2753 hicer
888 2703 1028 2764 xlv,2ttt‚
1042 2719 1094 2769 sqq.
1107 2701 1246 2752 Tnleetiam
1257 2700 1350 2767 aliquid

234 2775 313 2824 mauis
332 2774 398 2823 fastis
420 2783 538 2837 quantum
565 2771 645 2836 potuit
672 2771 780 2821 recidere
804 2778 941 2828 notavimus
959 2778 984 2826 in
1003 2777 1076 2839 libi-0,
1098 2787 1206 2828 ueterum
1224 2792 1292 2827 mere
1305 2777 1350 2827 illo

236 2859 338 2898 conatus
350 2848 428 2898 situel
439 2848 511 2895 unius
523 2847 616 2895 oraculi
629 2863 699 2896 causa
713 2848 780 2912 quod
804 2869 900 2919 quoque
911 2852 1021 2917 judaico,
1032 2854 1063 2912 V,
1075 2857 1135 2913 255,
1149 2869 1202 2917 sqq,

236 2938 308 2989 tupro
320 2923 420 2988 legimus
432 2922 494 2971 libw
507 2921 573 2985 Vlll,
589 2925 644 2980 ¹⁴⁸2
656 2938 719 2988 sqq,
730 2923 779 2971 ΗΟ·
838 2932 879 2977 ts.
898 2927 988 2977 Urbem
1005 2927 1072 2977 illam
1085 2929 1115 2978 ad
1130 2927 1265 2977 Eridanum
1279 2926 1349 2976 sitam

236 3015 301 3049 mam
321 2998 427 3048 nominis
444 2999 480 3048 sui
496 3014 573 3048 annos
592 3010 714 3049 auxtvru
734 2999 780 3048 im·
804 3002 955 3053 hauddubie
972 3002 1116 3053 Cremonam
1129 3003 1262 3068 intelligit,
1276 3018 1348 3069 quam

235 3075 365 3140 platonem,
378 3075 444 3140 quod
456 3083 481 3124 et
494 3083 603 3124 recurret
622 3073 697 3132 infr-a,
712 3073 778 3136 lllll,
803 3089 885 3130 tamen
905 3078 950 3128 snb
963 3077 1061 3129 Tiberin
1081 3079 1201 3145 direptam
1223 3078 1285 3128 fuleo
1304 3078 1347 3138 sit,

237 3153 298 3208 469,
323 3166 375 3216 11111-
406 3151 467 3199 Nom
490 3165 648 3214 quocumque
675 3148 779 3213 fingatur
803 3171 907 3221 quanam
918 3153 984 3203 enim
997 3170 1070 3204 eausa
1085 3156 1123 3204 vel
1143 3170 1193 3220 qno
1212 3157 1349 3220 pretextu?

235 3234 291 3275 atas
302 3225 377 3289 ignoti
391 3225 460 3275 istius
473 3225 624 3290 chronologi,
639 3224 711 3272 modo
725 3234 779 3289 post
803 3230 885 3295 Neque
896 3230 928 3278 ad
945 3228 1129 3279 triumvirorum
1142 3239 1255 3295 tempora
1272 3229 1349 3295 reqi-

233 3301 369 3350 Antoninos
386 3301 475 3351 vixerit
493 3301 595 3365 ideoque
607 3309 660 3365 post
680 3298 777 3349 fatalem
802 3304 925 3362 ciendum,
945 3303 1034 3368 quibus
1046 3304 1166 3354 Cremona
1178 3319 1236 3368 agro
1250 3304 1349 3368 quidem

233 3378 453 3443 annumelapsum,
463 3379 778 3444 profectoalterutrumne·
802 3379 905 3445 privata,
922 3378 986 3427 nihil
1003 3389 1084 3429 tamen
1103 3379 1168 3428 intra
1184 3394 1267 3428 muros
1279 3394 1348 3444 passa

232 3469 355 3503 cesseesse
369 3454 537 3518 cognoviavu
548 3452 667 3502 mendacii
681 3462 777 3502 tenere·
802 3464 846 3504 est.
859 3455 891 3504 At
902 3454 966 3504 bello
985 3454 1051 3504 cirili
1064 3455 1129 3505 inter
1139 3453 1232 3503 Vitellii
1247 3463 1273 3503 et
1290 3453 1349 3503 Ves-

232 3537 273 3576 tur
286 3529 420 3587 oraculum,
434 3530 471 3578 sel
485 3528 577 3593 aliquid
594 3527 777 3578 dellomafatis
801 3529 894 3594 patiani
910 3539 991 3594 partes
1008 3545 1073 3579 anno
1091 3537 1145 3595 post
1165 3528 1292 3579 Christum
1305 3531 1349 3586 ⁶8,

232 3602 408 3654 detraheretur.
422 3603 469 3652 Sed
483 3603 534 3653 haec
560 3603 655 3668 plenius
667 3603 776 3668 exposita
802 3619 876 3668 quum
888 3605 939 3668 ejus
956 3605 1024 3654 urbis
1041 3605 1105 3654 circs
1118 3603 1253 3654 vitelliana
1269 3618 1348 3653 caan

231 3687 288 3728 tunt
302 3677 327 3726 iu
340 3678 399 3729 Exo.
415 3677 459 3737 Vl,
474 3688 538 3744 part.
551 3677 571 3739 l,
584 3695 637 3743 cup.
654 3680 678 3728 l.
800 3677 930 3729 infeliciter
955 3680 1127 3741 adhaesissent,
1153 3695 1167 3729 a
1195 3677 1347 3738 victoribus,

268 3755 325 3804 tot.
345 3753 461 3803 Tumulus
489 3754 542 3811 ille,
569 3753 611 3818 qui
636 3752 701 3818 apud
716 3752 776 3802 Nos·
797 3754 865 3818 jussu
875 3770 963 3819 nempe
978 3755 1077 3804 Antonii
1102 3751 1177 3804 Primi
1194 3769 1241 3819 pro
1257 3752 1348 3819 Vespa·

231 3837 297 3877 trum
316 3830 423 3893 τὺμόος,
440 3831 481 3879 sed
508 3827 678 3878 Alexandrinis
703 3829 774 3893 vulgo
799 3830 867 3878 mano
881 3830 968 3895 legati,
982 3829 1146 3879 crudelissime
1157 3827 1256 3879 multati
1267 3837 1345 3878 sunt:

231 3905 301 3966 σῆμα
319 3905 369 3967 (ita
388 3915 476 3955 vocant
496 3904 584 3955 Strabo
606 3912 631 3952 et
655 3902 774 3953 Zenobiou
799 3904 845 3970 ipsi
869 3904 975 3954 aradibus
994 3913 1019 3954 et
1043 3920 1116 3954 omne
1144 3919 1221 3969 genus
1247 3901 1348 3968 injuriis

231 3979 297 4043 apud
308 3979 339 4028 ll.
354 3980 438 4046 Steph.
459 3980 535 4032 Paris.
543 3983 561 4042 l,
576 3978 711 4029 communis
727 3979 773 4029 fuit
798 3979 895 4039 traditi,
906 3979 965 4029 urbs
978 3979 1072 4044 direpta
1084 3995 1128 4044 per
1139 3977 1300 4043 quatriduum
1310 3977 1349 4028 in-

204 4070 207 4076 ·
233 4053 366 4104 Ptolemais
387 4057 516 4121 sepulturae
538 4056 617 4112 locus,
642 4054 772 4103 Alexandri
797 4054 1022 4120 censaque,Tacit.
1044 4055 1105 4104 Nist.
1123 4053 1174 4115 lll,
1198 4052 1217 4122 ς
1232 4056 1277 4104 33.
1292 4053 1348 4104 llac

231 4127 309 4194 Nagni
319 4131 428 4196 sepulcro
437 4133 572 4195 contiguus,
584 4145 640 4179 eum
651 4145 699 4194 quo
709 4129 772 4180 male
797 4132 902 4196 respexit
914 4129 1007 4186 Noster,
1028 4129 1143 4179 memoria
1157 4130 1253 4194 lapsus,
1269 4137 1300 4178 ut
1311 4129 1350 4179 si·

229 4219 243 4253 a
261 4205 382 4271 plerisque
395 4207 510 4256 conlundi
533 4206 601 4256 solet.
621 4205 689 4254 loeo
706 4204 772 4253 ride-
797 4205 875 4273 detur,
888 4221 933 4255 nee
951 4215 999 4254 tam
1013 4206 1043 4255 de
1057 4221 1084 4254 re
1094 4204 1185 4254 errarit
1197 4219 1274 4269 mam
1284 4213 1348 4270 tata·

229 4278 286 4329 licet
300 4281 483 4346 deponebantur
494 4281 639 4346 Lagidnrum
651 4296 773 4345 corpora,
797 4296 856 4346 pora
865 4279 984 4331 confudit.

228 4368 278 4402 non
291 4354 382 4415 fasciis,
395 4356 442 4406 nisi
456 4355 576 4411 fallimur,
589 4355 700 4422 AEgyptio
720 4355 770 4404 ritu
831 4361 870 4407 ll.
889 4356 959 4406 Falso
984 4354 1110 4405 Tiberium
1136 4354 1201 4404 ferro
1227 4355 1350 4408 interficit

230 4427 350 4492 insoluta,
362 4433 401 4481 sed
416 4448 492 4497 greco
510 4446 578 4480 more
593 4442 713 4490 cremata,
728 4448 771 4480 ur·
798 4430 899 4490 Noster,
922 4432 988 4496 quod
1008 4431 1039 4480 ab
1060 4439 1160 4480 auctore
1177 4429 1238 4482 libri
1261 4432 1349 4498 quinti
