3186 5310
231 436 272 497 tss
560 425 819 499 ΣΙΒΥΛΛῘΑΚΩΝ
839 439 967 500 ΛΟΓΟΣ
988 441 1020 500 Γ.
1063 385 1074 408 ⁹

341 579 441 648 Τίπτε
460 579 563 672 μάτην
582 575 741 669 πλαίζεσθε,
757 586 809 653 καὶ
826 591 882 655 οὐκ
901 587 1011 654 εὐθεῖαν
1031 588 1171 680 ἀταρπὸν

267 712 306 756 ιο
341 688 478 773 Βαίνετε,
496 689 648 758 ἀθανάτου
665 693 793 760 κτίστου
811 695 996 787 μεμνημένοι
1010 694 1069 760 αἰεί
1076 723 1085 779 ;

343 792 397 873 Εἷς
414 796 490 875 Θεός
505 799 572 864 ἐστι
587 799 749 891 μόναρχος,
770 800 952 894 ἀθέσφατος,
972 800 1066 892 αἰθέρι
1083 801 1192 889 ναίων,

342 905 516 996 Αὐτοφυής,
535 905 679 997 ἀόρατος,
694 913 770 1000 ὁρῶν
785 909 875 997 μόνος
895 909 985 986 αὐτὸς
1005 907 1140 977 ἀπαντα.

372 1036 387 1076 ν
406 1012 470 1103 χείρ
491 1012 521 1103 γ’
535 1014 591 1079 οὐκ
607 1013 730 1087 ἐποίησε
745 1008 897 1099 λιθοξόος,
915 1007 981 1082 οὐδ’
995 1016 1057 1084 ἀπὸ
1075 1025 1191 1109 χρυσοῦ

342 1117 459 1210 Τέχνης
476 1118 635 1212 ἀνθρώπου
651 1125 749 1211 φαίνει
762 1124 871 1207 τύπος,
893 1112 960 1189 οὐδ’
978 1124 1142 1214 ἐλέφαντος
1155 1148 1178 1172 ·-

268 1225 307 1291 15
347 1212 426 1290 ἀλλ’
442 1225 532 1303 αὐτὸς
547 1219 696 1304 ἀνέδειξεν
715 1227 833 1296 αἰώνιον
853 1230 946 1306 αὐτὸς
964 1231 1083 1315 ἑαυτόν,

342 1314 427 1398 Θντα
440 1358 486 1417 τε,
501 1332 553 1398 καὶ
568 1333 637 1426 πρὶν
652 1335 755 1420 ἐόντα,
773 1334 852 1426 ἀτὰρ
870 1339 946 1404 παίλι
964 1337 1016 1403 καὶ
1037 1338 1214 1428 μετέπειτα.

337 1435 392 1512 Τίς
410 1436 468 1532 γὰρ
487 1437 595 1519 θνητὸς
611 1444 665 1508 ἐὼν
678 1435 812 1510 κατιδεῖν
829 1434 964 1511 θόναταί
977 1448 1056 1512 Θεὸν
1074 1445 1192 1529 όσσοις;

341 1522 372 1609 Θ
388 1544 434 1624 τίς
447 1549 578 1639 χωρησει
594 1541 650 1614 κάν
667 1553 801 1642 τοῦνομα
820 1562 928 1642 μοῦνον
953 1553 1081 1619 ἀκοῦσαι

341 1655 491 1745 Οὐρανίου
511 1652 656 1747 μεγαλοιο
671 1658 762 1741 Θεοῦ,
781 1659 894 1751 κόσμον
912 1660 1113 1753 κρατόοντος,

263 1786 305 1827 σο
342 1740 387 1840 Θς
401 1761 485 1854 λόγῳ
505 1761 606 1828 ἔκτισε
621 1762 733 1850 πάντα,
751 1761 804 1832 καὶ
822 1766 961 1858 οὐρανὸν,
976 1757 1033 1840 td&
1047 1767 1215 1846 θάλασσαν,

340 1852 451 1934 Ηελιόν
467 1869 496 1933 τ’
511 1868 689 1961 ἀκάμαντα,
704 1877 829 1946 σεληνην
845 1898 879 1939 τε
893 1873 1083 1957 πλήθουσαν,

339 1955 450 2064 Ᾰστρα
468 1999 501 2042 τε
519 1979 755 2069 λαμπετόωντα,
769 1977 918 2070 κραταιὰν
929 1986 1058 2075 ,μητέρα
1072 1981 1185 2064 Τηθὺν,

341 2081 452 2177 Πηγὰς
467 2080 519 2150 καὶ
537 2087 711 2177 ποταμοὺς,
730 2097 788 2177 πῦρ
809 2084 949 2177 ἀφθιτον,
968 2088 1087 2180 ἤματα,
1108 2090 1232 2166 νύκτας.

340 2190 440 2269 Αὐτὸς
455 2180 495 2263 θη
515 2190 592 2270 Θεός
612 2193 673 2259 ἐσθ’
688 2199 705 2260 θ
723 2195 843 2271 πλάσας
866 2195 1142 2288 τετραγροίμματον
1159 2182 1270 2289 Ᾰθάμ,

261 2299 303 2364 σ5
344 2297 406 2364 Τὸν
425 2305 547 2390 πρῶτον
567 2300 757 2384 πλασθέντα,
772 2304 824 2368 καὶ
838 2305 954 2392 οὔνομα
967 2307 1173 2394 πληρώσαντα

340 2393 493 2491 Ᾱντολίην
507 2430 542 2472 τε
559 2396 645 2473 δόσιν
660 2431 695 2474 τε
711 2404 902 2502 μεσημθρίαν
917 2435 949 2476 τε
969 2410 1020 2477 καὶ
1039 2406 1162 2502 ἄρκτον.

341 2513 439 2588 Αὐτὸς
459 2507 489 2589 ὃς
508 2506 645 2602 ἐστήριξε
665 2515 763 2581 τόπον
781 2521 897 2608 μορφὴν
915 2518 1055 2608 μερόπων
1072 2542 1117 2599 τε,

341 2617 404 2685 Καὶ
418 2619 511 2710 θῆρας
529 2620 636 2692 ποίησε
650 2621 702 2688 καὶ
716 2620 830 2715 ἑρπετὰ
848 2616 900 2689 καὶ
914 2623 1055 2697 πετεηνυί.

342 2726 392 2795 Οὐ
411 2720 525 2808 σέόετ’,
545 2719 617 2793 οὐδὲ
633 2721 774 2817 φοθεῖοθε
792 2731 881 2815 Θεὸν,
902 2731 1041 2821 ματαίως
1061 2721 1095 2796 δὲ
1116 2727 1271 2796 πλανᾶσθε

266 2835 306 2900 30
346 2833 591 2925 Προσκυνόοντες
608 2835 688 2927 ὄφεις
708 2859 755 2920 τε,
774 2840 826 2903 καὶ
850 2837 1015 2929 αἰλούροισι
1030 2840 1164 2925 θύοντες,

344 2931 495 3018 Είθώλοις
511 2944 540 3008 τ’
554 2936 673 3027 ἀλλοις,
688 2941 813 3023 λιθίνοις
826 2945 853 3010 θ’
869 2936 1013 3037 ἱθρόμασι
1032 2954 1157 3038 φωτῶν,

340 3047 404 3115 Καὶ
418 3053 502 3127 ναοῖς
520 3046 634 3116 ἀθίοισι
651 3043 847 3142 καθεζόμενοι
863 3054 922 3144 πρὸ
942 3051 1072 3145 θυρσίων,

341 3157 469 3247 Τηρεῖτε
483 3154 536 3222 τὸν
551 3154 643 3223 ε’όντα
656 3159 746 3242 Θεὸν,
762 3155 793 3236 ὃς
809 3158 914 3226 πάντα
933 3159 1092 3250 φυλάσσει,

341 3263 531 3355 Τερπόμινοι
544 3262 693 3338 κακότητι
707 3263 812 3352 λίθων,
829 3264 925 3358 κρίσιν
944 3266 1137 3343 ὲκλαθίοντες

265 3370 305 3438 35
343 3358 507 3437 Ᾰθανάτου
521 3379 672 3463 σωτῆρος,
691 3368 721 3450 ὂς
741 3373 865 3464 οὐρανὸν
887 3374 987 3439 ἔκτισε
1006 3375 1057 3439 καὶ
1071 3382 1140 3468 γῆν.

340 3470 383 3543 Δί
402 3477 488 3570 γένος
503 3475 681 3571 αἱμοχαρὲς,
706 3470 820 3563 θολιον,
838 3480 945 3564 κακὸν,
967 3474 1099 3547 ἀσεθέων
1114 3504 1158 3557 τε,

235 3568 239 3579 ’
342 3574 486 3668 Ψευδῶν,
501 3573 679 3676 θιγλώσσων
693 3586 870 3676 ἀνθρώπων,
890 3584 942 3653 καὶ
961 3588 1134 3671 κακοηθῶν,

342 3691 600 3782 Λεκτροκλόπων,
619 3682 850 3785 εἰδωλολατρῶν
868 3685 959 3763 δόλιοι
982 3694 1178 3786 φρονεόντων,

234 3870 317 3930 -tt,
330 3881 384 3932 sqq.
398 3863 465 3916 Vitia
480 3865 582 3915 humani
597 3865 690 3930 generis
700 3867 826 3933 [tanquam
839 3867 953 3919 videlicet
964 3885 994 3919 ex
1008 3868 1145 3920 idololatria
1159 3866 1356 3931 οιιι]τεεοιιεειι·

234 3964 276 4007 tur
286 3968 316 4004 ιε
330 3951 498 4019 deplorantur.
512 3978 542 3988 -

268 4094 308 4152 11,
323 4106 360 4157 tq.
375 4088 427 4141 ctr.
445 4088 549 4142 Prooem.
567 4094 590 4148 i,
605 4106 640 4156 sq.
809 4101 858 4141 tem
870 4091 935 4155 λόγῳ
950 4109 992 4142 teu
1003 4094 1077 4160 Λόγῳ
1089 4091 1183 4142 addidit
1194 4091 1294 4152 Noster,
1308 4089 1355 4142 cir.

269 4172 309 4223 15.
327 4166 415 4216 Versus
435 4165 476 4215 hic
489 4174 606 4231 unquam
623 4166 776 4233 paraphrasis
809 4167 829 4226 l,
841 4171 880 4225 19,
895 4177 920 4217 ει
934 4167 1000 4227 vlu,
1015 4172 1073 4228 ttt,
1088 4178 1146 4226 etc„
1158 4167 1312 4233 nottndaque
1325 4166 1356 4217 td

231 4255 269 4298 εει
282 4243 447 4312 epithetomm
460 4241 604 4305 αῦτογενής,
628 4243 776 4309 αὺτολόχευ-
809 4242 862 4291 ἰΙΙοε
875 4243 948 4294 Ιοοοε.

233 4338 285 4381 τος,
295 4317 450 4386 εεε.,ριιιῖιο
459 4332 473 4367 t
481 4315 611 4383 Sibyllinis
621 4316 774 4368 usitatorum.
841 4320 883 4377 25,
895 4336 930 4385 sq.
948 4319 983 4369 De
994 4319 1077 4387 inepti
1093 4318 1297 4387 interpretatione
1312 4333 1358 4369 ιισ-

232 4394 457 4450 mmmmm.
808 4392 881 4443 minis
894 4399 1000 4454 ΔΔΑΜ,
1015 4396 1071 4445 vide
1084 4405 1136 4447 uot.
1361 4424 1364 4429 ·
1406 4453 1410 4467 Ι

265 4474 305 4524 tt.
325 4470 376 4522 etr.
388 4468 495 4520 Prooem.
511 4472 549 4525 to,
565 4483 600 4534 sq.
843 4471 883 4518 ²7.
903 4469 986 4520 Codex
999 4486 1077 4530 unus,
1094 4471 1168 4527 αὐτὸς
1187 4467 1214 4527 ὃς
1227 4469 1354 4536 ατηριξεν,

264 4553 307 4602 20.
326 4545 378 4599 etr.
392 4544 496 4596 Pmoem.
517 4546 559 4603 ii,
575 4558 628 4610 tqq.
648 4542 720 4606 Quod
732 4560 776 4595 ttu-
808 4544 873 4596 unde
897 4544 1003 4598 &natio
1023 4547 1098 4603 αὐτὸς
1116 4546 1237 4613 οτήριξεν.
1261 4543 1355 4596 deinde
