3186 5310
446 428 733 494 SlBYLLlNORUlll
754 432 827 493 LlB.
850 434 907 537 lll,
923 432 942 514 ξ
961 435 993 496 3.
1225 437 1279 496 lll
1344 519 1346 523 y

247 562 347 626 'l’erra
360 581 490 650 gravata
505 562 591 629 viros
607 588 681 629 cum
696 564 857 655 sulphuris
873 566 998 631 hauriet
1011 585 1101 632 aestu.

292 671 433 762 Tempus
447 672 524 754 erit,
540 695 641 761 quum
656 673 777 762 regales
792 675 905 737 Samus
921 690 1062 739 exstruet
1076 672 1171 738 aedes.

289 778 396 858 Italia,
413 778 500 843 haud
514 778 574 842 tibi
587 780 674 844 Mars
691 779 827 844 externis
842 780 968 870 ingruet
980 781 1078 846 armis
1094 809 1102 848 ι

158 885 221 963 465
247 885 354 950 Civilis
366 887 424 952 sed
435 903 468 951 te
481 887 618 976 sanguis,
636 911 697 952 neo
712 887 828 953 debilis
846 888 912 969 ille,

247 993 384 1073 obruet,
403 993 561 1083 insignem
576 995 672 1090 fama,
690 1019 885 1084 vacuamque
899 995 1034 1087 pudore.

246 1102 329 1166 Tum
345 1100 464 1168 calidos
476 1121 610 1194 propter
624 1102 745 1168 cineres
758 1120 907 1192 porrecta
920 1103 1055 1191 jacebis,

247 1210 288 1273 Et
304 1227 358 1274 tua
372 1231 523 1300 praesago·
531 1210 689 1285 lacerabis
703 1210 801 1275 corda
816 1210 943 1289 dolore,

247 1313 323 1379 Non
335 1316 401 1400 jam
417 1315 482 1379 feta
496 1313 602 1396 bonis,
622 1314 677 1379 sed
689 1315 797 1380 nutrix
813 1315 896 1380 sacta
912 1317 1063 1380 ferarum.

155 1427 220 1510 470
289 1420 380 1485 Alter
393 1423 436 1486 ab
450 1421 541 1485 ltalia
557 1422 663 1486 veniet
679 1423 727 1486 vir
744 1445 843 1487 saevus
859 1437 892 1486 et
909 1438 1014 1489 atrox.

244 1530 328 1593 Tum
345 1546 392 1612 tu,
412 1527 582 1607 Laodicea,
601 1545 658 1594 tuo
673 1529 714 1594 de
730 1529 869 1594 culmine
888 1552 1046 1620 praeceps,

242 1636 328 1701 Urbs
340 1637 457 1700 Carum
471 1636 636 1725 praeclara,
653 1637 729 1726 Lyci
751 1636 949 1726 splendentis
967 1634 1008 1701 ad
1024 1635 1137 1712 undas,

243 1743 484 1831 Magnanimum
497 1760 661 1808 auctorem
674 1743 791 1809 frustra
805 1761 993 1834 conquesta,
1010 1744 1129 1808 silebis.

249 1850 390 1916 Thraces
406 1850 447 1914 ab
466 1848 591 1915 excidio
608 1850 731 1940 fugient
748 1852 895 1942 Byzantis
908 1852 940 1916 in
952 1853 1113 1917 Haemum.

63 2029 65 2032 ,
155 1957 219 2045 475
244 1953 412 2049 Campanis
427 1956 524 2022 instat
540 1957 676 2048 gemitus
694 1958 926 2041 circumsonus,
943 1960 1039 2024 urbes

245 2064 468 2153 Depopulante
480 2062 578 2129 fame.
595 2066 678 2128 Turn
694 2081 728 2128 tu
745 2081 920 2153 conquesta
934 2082 1093 2129 vetustum

245 2175 385 2250 Frustra,
405 2175 524 2262 Cyme,
543 2196 655 2262 genus,
676 2191 771 2263 tuque
786 2174 888 2238 insula
899 2173 1045 2263 proxima
1060 2177 1180 2264 Cyrno,

246 2284 331 2348 Mole
344 2281 561 2373 procellarnm
578 2281 697 2365 subita,
712 2282 875 2372 plagisque
889 2283 1056 2364 Tonantis,

245 2390 386 2478 Gurgitis
403 2387 541 2479 aequorei
556 2412 632 2452 cava
649 2388 849 2455 descendetis
863 2389 897 2454 in
914 2407 1016 2455 antra.

157 2497 221 2576 480
244 2496 351 2562 Eheu!
371 2520 468 2585 quam
482 2496 598 2578 multas
613 2495 734 2562 intacto
749 2496 828 2562 flore
840 2497 965 2588 puellas

244 2604 459 2695 Desponsabit
473 2619 564 2667 atrox
581 2604 706 2668 Orcusl
722 2622 803 2694 quot
819 2629 957 2695 corpora
972 2622 1089 2694 pontus
1119 2674 1123 2684 ,

244 2711 405 2776 Infantum
416 2715 645 2800 juvenumque,
661 2729 694 2777 et
707 2736 803 2802 opem
817 2737 887 2804 quae
904 2713 1046 2804 pondera
1062 2714 1186 2779 volvet!

286 2818 454 2908 Mysorum
471 2818 545 2883 felix
560 2820 671 2900 tellus,
688 2837 720 2885 te
735 2820 825 2912 regia
840 2822 951 2912 proles

243 2925 376 2991 Deficiet
392 2925 512 2992 subito.
530 2926 598 2992 Nec
615 2944 650 2992 tu
667 2927 818 2995 diuturna
831 2928 989 3012 manebis,

155 3032 217 3112 485
243 3033 411 3122 Carthago.
431 3034 552 3101 Galatis
570 3034 676 3101 luctus
692 3059 821 3126 quoque
839 3036 997 3127 plurimus
1011 3035 1119 3102 instat.

242 3142 283 3205 Et
299 3141 432 3207 Tenedo
447 3141 553 3206 veniet
567 3165 729 3232 suprema,
746 3160 780 3207 at
794 3142 933 3208 maxima
948 3143 1067 3208 clades.

142 3335 145 3341 Ι
241 3248 282 3311 Et
294 3245 411 3338 Sicyon
427 3247 498 3312 aeris
513 3246 655 3330 fremitu,
674 3265 784 3337 tuque,
804 3249 869 3315 alta
885 3248 1053 3332 Corintho,

219 3363 224 3382 ¹
242 3354 395 3446 Implebis
412 3355 525 3420 caelum
543 3384 550 3421 :
570 3356 760 3422 resonabilis
772 3357 896 3423 accinet
910 3357 1005 3425 echo.

152 3550 217 3602 idem
230 3561 325 3620 tempus
339 3563 410 3604 terro
420 3564 488 3605 motu
501 3554 618 3621 peritura.
637 3584 667 3592 —
683 3526 803 3607 sti-tot,
824 3557 935 3609 Aliarum
948 3557 1056 3624 gentium
1067 3564 1092 3607 et
1100 3554 1200 3605 urbium
1213 3553 1278 3604 vices

153 3634 206 3688 sine
218 3638 305 3689 ordine
319 3639 450 3705 praedicte.

188 3810 245 3859 483.
263 3808 358 3859 Μυσῶν
369 3808 428 3872 γαῖα
442 3807 490 3856 hoc
504 3806 559 3855 loco
568 3806 644 3855 Troas
656 3812 702 3862 est,
735 3807 773 3854 ὑλ.
782 3803 794 3855 ?
804 3804 881 3857 Codd.
893 3821 949 3854 vcro
957 3821 1040 3854 omnes
1046 3803 1168 3870 χαλκείοις
1177 3801 1215 3850 tel
1222 3800 1278 3867 χάλ-

152 3881 199 3931 nisi
214 3881 328 3943 fallimur,
341 3893 365 3933 et
374 3881 483 3948 Pergami
497 3897 599 3948 regnum
612 3879 704 3932 intelli·
735 3898 802 3937 κειος
816 3880 916 3942 liabent,
933 3889 958 3931 ct
971 3897 1053 3930 omnes
1067 3881 1105 3938 σε’,
1123 3877 1164 3928 ubi
1177 3894 1221 3926 nos
1235 3877 1277 3927 σύ.

152 3952 270 4023 gendum,
286 3969 386 4026 repente
404 3968 459 4026 post
476 3958 585 4009 Attalum
602 3957 637 4007 lll
660 3973 704 4006 ex·
736 3955 770 4005 ue
783 3955 919 4020 Corintho,
940 3956 983 4007 cir.
998 3955 1038 4014 lV,
1057 3959 1120 4006 108:
1137 3953 1226 4021 Sicyon
1239 3951 1281 4002 hic

153 4032 285 4086 stinctum:
296 4035 352 4085 vide
364 4045 417 4086 not.
731 4031 850 4083 Corintho
866 4032 978 4098 pereunti
995 4031 1101 4088 additur,
1124 4046 1213 4079 nones
1229 4028 1280 4079 his·

189 4113 246 4164 ttt.
265 4111 341 4162 Codd.
355 4111 466 4167 τεύξεται
478 4127 483 4158 :
495 4126 539 4158 nos
553 4126 616 4159 corr.
732 4108 800 4159 toriae
818 4109 873 4158 sale.
899 4109 994 4164 Αὐλούς
1014 4123 1058 4173 pro
1087 4105 1153 4157 tubis
1174 4102 1281 4171 reperias

188 4189 246 4237 486.
266 4187 333 4238 ldem
356 4186 457 4237 omnino
485 4203 567 4235 versus
597 4186 699 4251 legetur,
734 4184 794 4234 alibi
807 4183 980 4250 quoquc‚llll,
993 4186 1049 4233 tto.

156 4259 299 4322 vl11,¹oo‚
318 4264 360 4313 sed
377 4264 407 4312 dc
425 4261 511 4311 Rhodo
530 4261 617 4321 insula,
636 4260 701 4310 unde
767 4264 824 4312 tes.
845 4257 1064 4325 Coddaiyr'rcstt:
1081 4258 1123 4307 sed
1132 4265 1232 4323 propter
1241 4254 1280 4306 αὐ·

155 4337 355 4405 suspicamurhic
364 4355 463 4405 quoque
474 4338 609 4404 legendnm,
623 4336 665 4387 ital
674 4353 701 4386 τε
733 4336 786 4395 λόν,
803 4336 871 4400 quod
886 4333 1020 4401 praecessit,
1045 4343 1139 4383 certum
1156 4340 1192 4381 est
1211 4330 1284 4391 αὐλή·

165 4414 252 4480 Ῥόδῳ.
270 4414 329 4476 Quis
337 4414 403 4465 enim
410 4414 441 4464 dc
449 4413 547 4464 Tenedo
559 4422 636 4475 curet,
646 4430 703 4480 par·
735 4430 793 4469 σεις.
810 4412 842 4461 llt
859 4412 894 4461 sic
907 4411 1035 4461 oraculum
1054 4405 1202 4458 Phacnnidis
1218 4405 1283 4473 apud

157 4507 187 4541 va
200 4490 448 4559 etpanpereinsula?
736 4487 842 4538 Pausan.
857 4485 956 4537 Phocis.
975 4490 1004 4538 15
1021 4501 1027 4535 :
1044 4483 1152 4542 Δὺλήσει
1170 4481 1284 4534 Γαλατῶν

191 4565 704 4632 481.Αιιωειῑωοὺιιιειωῃιχαλκέοισιν
739 4564 854 4632 στρατός.
