3186 5310
321 405 359 464 94
646 405 909 469 ΣΙΒΥΔΛΙΑΚΩΝ
929 406 1055 466 ΛΟΓΟΣ
1075 405 1110 466 Γ.

427 551 515 618 Τοῖσι
535 541 569 618 δὲ
587 556 684 646 μέτρα
700 544 806 621 δίκαια
824 555 909 621 πέλει
924 559 994 622 κατ’
1013 554 1123 648 ἀγρούς
1138 577 1171 619 τε
1187 551 1292 630 πόλεις
1308 577 1356 635 τε,

429 649 514 725 Οὐδὲ
527 666 597 727 κατ’
613 661 753 736 αλληλων
772 661 995 739 νυκτσκλοπίας
1015 664 1181 741 τελέουσιν,

429 756 507 832 Οὐδ’
528 766 638 861 ἀγέλας
651 764 773 836 ελάουσι
793 772 885 856 βοῶν,
904 765 974 837 ὀίων
991 794 1025 836 τε
1045 767 1097 835 καὶ
1115 766 1223 861 αἰγῶν,

326 880 390 954 εάο
430 864 516 939 Οὐδὲ
535 877 621 965 όρους
639 875 727 970 γαίης
742 876 851 971 γείτων
877 887 933 944 τοῦ
956 877 1092 970 γείτονος
1111 874 1201 969 αἴρει,

429 971 514 1047 Οὐδὲ
538 983 753 1063 πολύπλουτός
772 1011 819 1062 τις
837 984 911 1075 ἀνὴρ
931 985 986 1051 τὸν
1006 982 1159 1050 ἐλάττονα
1175 988 1277 1067 λυπεῖ,

432 1078 518 1155 Οὐδέ
534 1114 569 1184 γε
587 1093 684 1183 χέρας
705 1087 812 1172 θλίύει,
834 1096 950 1183 μᾶλλον
965 1082 995 1158 δ’
1011 1086 1085 1157 αὐτε
1106 1088 1218 1175 βοηθεῖ,

429 1193 496 1261 Atei
508 1198 672 1289 ἐπαρκείων
691 1200 782 1285 σίτῳ,
798 1195 869 1285 οἴνῳ
890 1197 941 1265 καὶ
960 1198 1077 1284 ε’λαίῳ·

430 1299 497 1368 Αίεὶ
519 1295 548 1370 δ’
568 1300 670 1383 ὸλθιος
684 1309 713 1372 ἐν
730 1296 820 1397 δόμῳ
840 1314 907 1382 τοῖς
926 1298 1022 1397 μηδὲν
1042 1306 1176 1397 ἔχουσιν,

327 1406 389 1490 αιίό
432 1396 523 1477 Ᾰλλά
541 1414 795 1505 πενιχρομένοισι,
815 1413 917 1505 θέρους
934 1413 1107 1506 ἀπόμοιραν
1127 1410 1243 1480 ἰαλλει·

431 1516 625 1610 Πληροῦντες
642 1519 785 1611 μεγάλοιο
801 1519 881 1588 Θεοῦ
894 1519 1000 1607 φάτιν,
1015 1521 1137 1613 ἔννομον
1157 1523 1267 1610 ὐμνσν·

431 1623 515 1690 Πάσι
528 1622 585 1718 γάρ
604 1621 741 1717 οὐράνιος
758 1631 859 1702 κοινὸν
875 1629 1058 1694 ἐτελόσσατο
1078 1633 1179 1721 γαῖαν.

488 1717 587 1799 Ηνίκα
602 1723 630 1798 δ’
652 1731 810 1827 Αἴγυπτον
824 1729 935 1823 λείψει,
950 1736 1002 1802 καὶ
1017 1736 1149 1826 τερπνὸν.
1165 1725 1282 1801 ὸδεόσει

434 1839 518 1915 Λαὸς
534 1845 549 1906 ὀ
570 1831 787 1932 δωδεκάρυλος
801 1844 830 1908 ἐν
845 1841 973 1935 ἡγεμόσι
992 1843 1208 1933 θεοπέμπτσις,

332 1945 394 2009 250
436 1930 479 2008 Ev
500 1949 603 2036 στόλῳ
617 1948 761 2041 πυρόεντι
776 1950 814 2016 τὸ
830 1950 999 2043 νυκτερινὸν
1020 1940 1180 2034 διοδεύων,

437 2035 535 2148 [Κάν]
549 2055 649 2143 στύλιρ
666 2058 791 2148 νεφέλης
812 2060 872 2125 τάν
889 2058 948 2134 ἠὼς
967 2055 1048 2149 ἦμαρ
1065 2049 1194 2141 ὸδεύσει,

435 2161 545 2246 Τούτῳ
564 2152 593 2228 δ’
606 2169 748 2258 ἡγητῆρα
766 2169 952 2242 καταστήσει
973 2166 1068 2256 μέγαν
1088 2155 1188 2255 ἀνδρα

435 2266 565 2354 Μωσῆν,
582 2264 614 2337 όν
633 2272 706 2363 παρ’
721 2274 806 2349 ἕλους
829 2272 982 2358 βασίλισσ’
999 2272 1116 2362 εὐρσύσ’
1139 2263 1268 2359 ἐκόμιζε,

439 2371 623 2466 Θρεψαμένη
642 2367 671 2441 δ’
691 2378 754 2443 υἱὸν
776 2379 974 2447 ἐκαλέσσατο.
994 2365 1093 2446 Ηνίκα
1112 2368 1140 2442 δ’
1154 2373 1226 2448 ἦλθε

333 2479 396 2547 255
440 2482 524 2548 Λαὸν
541 2473 588 2547 ὅδ’
600 2487 768 2576 ἡγεμονῶν,
783 2483 815 2550 ὸν
831 2485 885 2552 ἀπ’
907 2485 1066 2577 Αἰγύπτου
1087 2485 1161 2560 Θεὸς
1176 2479 1260 2576 ἦγεν,

436 2586 489 2666 Εἰς
508 2588 544 2655 τὸ
563 2588 629 2681 ὅρος
649 2592 733 2672 Σινά,
750 2589 801 2657 καὶ
823 2592 877 2657 τὸν
891 2591 982 2683 νόμον
1000 2590 1157 2684 οὐρανόθεν
1172 2591 1231 2681 πρὸ

439 2699 527 2762 Δῶκε
541 2696 628 2781 Θεὸς,
647 2692 769 2788 γράψας
783 2690 878 2774 πλαξὶ
897 2688 967 2764 δυσὶ
986 2697 1089 2766 πάντα
1110 2688 1228 2781 δίκαια,

438 2801 503 2868 Καὶ
521 2795 691 2895 προσέταξε
710 2810 826 2870 ποιεῖν·
845 2802 896 2870 καὶ
910 2801 945 2877 ἢν
963 2799 1024 2897 ἀρα
1040 2832 1087 2884 τις
1105 2806 1301 2897 παρακούσῃ,

439 2893 484 2976 Hk
499 2910 584 3003 νόμῳ
598 2908 691 2976 τίσετε
714 2899 813 2995 δίκην,
830 2908 848 2985 ἢ
863 2908 950 3003 χερσὶ
965 2912 1129 3003 βροτείαις,

335 3017 398 3081 260
441 3000 497 3101 Hi,
514 3018 616 3085 λαθὼν
632 3014 773 3102 θνητοὺς,
794 3016 875 3111 πάσῃ
900 3008 971 3111 δίκῃ
990 3012 1197 3096 ε’ξαπολεῖται.

439 3125 523 3198 Πάσι
541 3121 599 3217 γὸιρ
619 3120 755 3216 οὐράνιος
773 3129 874 3200 κοινὴν
895 3127 1078 3192 ἀτελέσσατο
1099 3132 1201 3220 γαῖαν,

297 3266 301 3331 ρ
440 3231 505 3297 Καὶ
518 3235 595 3298 πάσι
607 3229 658 3297 καὶ
674 3227 798 3325 άριστον
821 3232 863 3298 ἐνὶ
878 3232 1022 3307 στήθεσσι
1039 3232 1155 3322 νόημα.

298 3334 300 3343 '
443 3339 531 3404 Τοῖσι
546 3337 648 3429 μόνοις
662 3339 777 3430 καρπὸν
793 3340 907 3406 τελέθει
926 3329 1066 3432 ζείδωρος
1086 3335 1200 3434 ἀρουρα

448 3431 494 3521 Ἐξ
509 3445 574 3522 ένὸς
594 3445 633 3522 εἰς
652 3447 776 3530 ἑκατὸν,
795 3445 955 3514 τελέθοντό
974 3472 1008 3513 τε
1030 3448 1126 3541 μέτρα
1147 3451 1251 3514 Θεοῖο.

337 3553 400 3620 265
499 3540 575 3618 ἀλλ’
589 3547 649 3641 ἀρα
664 3551 716 3617 καὶ
737 3555 856 3631 τούτοις
876 3553 969 3620 κακὸν
985 3555 1118 3642 έσσεται,
1133 3545 1190 3621 οὐδ
1194 3554 1208 3620 δ
1224 3552 1375 3645 ρόγονται

443 3660 570 3748 Λοιμόν.
591 3657 654 3724 Καὶ
670 3658 705 3723 σύ
721 3648 756 3724 δὲ
771 3661 941 3728 καλλείπων
960 3662 1147 3752 περικαλλέα
1166 3661 1259 3735 σηκὸν

442 3758 553 3858 Φεύξῃ,
569 3767 632 3833 ε’πεί
648 3790 695 3831 σοι
713 3771 805 3857 μοῖρα
819 3772 917 3834 λιπεῖν
934 3757 1029 3834 πέδον
1049 3768 1140 3861 ἁγνὸν
1160 3766 1301 3858 ὑπάρχει.

444 3865 573 3965 Ᾱχθήσγ
594 3862 629 3938 δὲ
643 3872 718 3963 πρὸς
737 3860 918 3964 Ᾰσσυρίους,
935 3873 988 3939 καὶ
1004 3875 1097 3948 νήπια
1117 3875 1211 3942 τέκνα

445 3959 524 4069 Οψει
542 3969 726 4046 δουλεύοντα
744 3984 816 4070 παρ’
835 3972 964 4073 ἀνδράσι
981 3970 1207 4072 δυσμενέεσσιν,

339 4115 402 4181 270
445 4072 506 4153 Ηδ
520 4086 668 4178 ἀλόχους·
688 4088 740 4152 καὶ
755 4090 816 4163 πᾶς
836 4086 941 4171 βίοτος
961 4085 1012 4153 καὶ
1031 4094 1167 4168 πλοῦτος
1186 4092 1318 4155 ὀλεῖται.

338 4271 368 4279 -
377 4242 436 4300 λίθ,
445 4253 499 4304 sqq.
506 4237 592 4287 Exitus
605 4253 636 4287 ex
645 4234 750 4302 AEgypto
759 4234 882 4286 subuose.
891 4238 985 4295 -256,
999 4252 1051 4303 sqq.
1061 4237 1111 4288 Lex
1123 4237 1149 4286 in
1161 4235 1218 4287 Sina
1227 4237 1396 4296 datm-260,
1404 4252 1459 4303 sqq.

337 4328 476 4380 ludeorum
486 4324 590 4376 felicius
610 4323 636 4374 in
649 4332 714 4374 tem
734 4330 824 4372 sancta.
838 4349 869 4359 -
886 4325 945 4382 265,
957 4338 1009 4388 sqq.
1030 4322 1139 4373 Servitus
1158 4322 1246 4372 deinde
1264 4322 1291 4371 in
1307 4319 1413 4388 Assyria.
1429 4344 1461 4358 -

369 4450 427 4499 245.
447 4447 579 4505 Οεεειιευ,
596 4442 690 4503 cfr.11‚
708 4442 748 4493 19.
762 4439 880 4492 Recurret
945 4445 1005 4495 247.
1024 4442 1144 4492 Recurret
1156 4441 1289 4491 hievenus
1307 4439 1381 4498 infra,
1400 4443 1461 4498 261,

336 4531 418 4575 autem
431 4523 566 4590 ἀπόμοιρα,
575 4517 642 4580 xnl‘,
654 4523 695 4570 ⁴5.
912 4527 936 4567 et
948 4519 1047 4583 quidem
1072 4517 1163 4585 puriter
1178 4519 1209 4568 de
1226 4518 1278 4568 εοΙο
1295 4517 1383 4567 Judoeoe
1394 4532 1462 4583 agro,
