3186 5310
557 429 841 490 smrmmoriun
862 429 935 488 nm
959 428 1034 488 xm.
1129 444 1135 454 ·
1170 383 1173 388 ’
1298 424 1356 482 ara

332 562 505 625 Consumet
523 563 577 649 qui
593 578 624 625 te
643 561 790 642 llammiS,
805 577 900 648 atque
913 559 1018 623 omnia
1033 558 1157 648 perdet.

249 664 308 730 125
332 667 399 730 Jarn
416 691 480 731 non
499 670 614 732 urbem
629 686 672 748 tc,
690 668 805 732 misera
823 665 1005 746 Antiochia,
1021 666 1200 741 vocabunt,

332 773 478 837 Stultitia
496 798 604 863 poenas
619 798 718 862 quum
732 774 834 838 solves
848 772 974 836 vindice
990 772 1088 850 hello,

331 879 504 968 Praedaque
521 882 604 945 sacta
621 880 679 944 riri
695 880 797 959 furiiS,
817 879 884 944 sinc
902 879 969 942 eive
987 879 1163 965 domoque,

330 985 424 1049 Nuda
436 987 557 1071 jacebis
570 987 660 1051 humi
675 1015 681 1050 :
699 984 800 1066 llebit,
817 985 871 1073 qui
886 984 1011 1063 viderit,
1025 985 1153 1072 hospes.

329 1091 443 1178 Tuque
460 1092 640 1180 triumphus
654 1093 728 1173 eris,
749 1091 923 1180 Hierapoli,
942 1108 1051 1179 tuque,
1065 1093 1185 1161 berica,

246 1195 307 1259 130
331 1199 443 1262 Ambae
457 1223 531 1263 curn
543 1201 658 1265 misera
677 1198 830 1263 dollentes
843 1197 995 1262 Chalcide
1009 1197 1134 1286 prolem

330 1306 505 1370 Amissum!
522 1307 590 1387 Vae,
607 1307 661 1394 qni
676 1305 758 1370 Casii
770 1309 845 1393 juga
861 1305 956 1381 celsa,
973 1321 1004 1368 et
1019 1304 1132 1368 Amani

330 1410 394 1491 Qui
412 1411 515 1476 colitis
529 1437 636 1501 rupes,
650 1413 698 1476 rel
713 1436 794 1501 quos
808 1415 911 1500 Lycus
925 1411 1014 1475 alluit
1033 1412 1147 1490 amnis,

329 1517 459 1605 Marsya
473 1541 555 1606 quos
568 1518 685 1597 ambit,
702 1518 811 1582 vitreis
826 1536 881 1582 aut
901 1520 1054 1606 Pyramus
1072 1517 1175 1580 undis.

328 1624 477 1714 Namque
491 1625 573 1689 Asiae
587 1642 746 1689 extremas
760 1625 820 1688 ibit
834 1643 995 1713 grassator
1009 1624 1049 1687 ad
1063 1647 1135 1687 oras

244 1730 303 1796 135
328 1732 439 1796 Hostis
452 1749 557 1813 atrox,
573 1734 669 1796 urbes
683 1733 853 1820 populanS,
869 1731 1017 1819 idolaque
1032 1754 1139 1795 secum

327 1837 510 1927 Abripiens,
527 1856 558 1902 et
570 1839 688 1926 templa
704 1839 771 1903 solo
787 1839 827 1901 ab
841 1837 1002 1901 radicibus
1015 1859 1153 1923 aequans

326 1946 388 2008 Par
405 1946 500 2008 instat
511 1944 583 2023 tibi,
600 1945 777 2024 Pannonia,
796 1961 829 2007 et
843 1943 915 2028 tibi,
934 1942 1050 2022 Gallia,
1068 1941 1186 2019 eladeS,

327 2051 428 2137 Mysis
443 2049 664 2139 Bithyniaque,
682 2050 767 2114 ferus
781 2074 881 2137 quum
895 2047 1016 2112 venerit
1031 2046 1143 2111 hostis.

326 2159 355 2219 Ο
372 2155 472 2244 Lycii,
489 2156 589 2245 Lycii,
604 2157 697 2245 lupus
711 2180 750 2220 en
764 2155 863 2236 venit,
881 2178 937 2218 ora
953 2176 1067 2218 eruore

242 2265 303 2338 140
326 2261 508 2345 Tincturus,
526 2286 624 2350 quum
638 2262 735 2325 Sanni
752 2260 900 2341 aderunt,
915 2283 993 2348 gens
1007 2282 1115 2346 aspera
1136 2256 1241 2330 bellis,

327 2369 366 2431 Et
381 2368 475 2457 Carpi
488 2368 649 2432 Ausonios
664 2368 751 2431 illato
765 2370 870 2432 hlartc
885 2367 1049 2430 lacessent.

370 2478 461 2540 Tunc
472 2477 572 2539 notha
586 2475 766 2564 progenies,
786 2474 977 2538 immanibus
993 2472 1091 2536 effera
1106 2470 1229 2561 coeptis,

294 2636 305 2647 ..
325 2581 422 2645 Filius
437 2582 599 2645 interimet
612 2599 735 2670 patrem
749 2611 757 2658 ς
774 2604 848 2644 mox
862 2581 930 2664 ipsc
948 2578 1066 2668 peribit

325 2688 493 2777 Impietatc
509 2713 578 2752 sua.
626 2689 709 2752 Dein
724 2689 803 2752 alter
816 2712 912 2777 regna
927 2703 1088 2776 capesset,

241 2796 299 2872 145
327 2795 462 2883 Insignis
479 2795 586 2885 primo
602 2819 749 2873 numero,
768 2795 926 2883 periturns
942 2794 1057 2883 etipse

325 2901 480 2966 Ludibrio
498 2900 624 2983 Martis,
641 2901 727 2965 ferro
746 2901 912 2965 confossus
928 2917 1032 2964 acute.

368 3007 449 3071 lnde
463 3031 582 3071 novum
597 3007 720 3071 mundo
735 3007 885 3085 exitium,
901 3007 1059 3094 multique
1073 3005 1223 3093 peribunt

325 3113 473 3178 Pestibus
490 3131 522 3178 et
536 3115 639 3179 bellis.
662 3118 704 3178 At
720 3117 824 3179 Persae
843 3138 951 3178 rursus
968 3113 1008 3176 ad
1024 3136 1112 3176 arma

323 3220 549 3307 prorumpent,
567 3238 694 3308 gentem
713 3220 862 3286 Ausoniae
880 3242 1065 3306 nomenque
1079 3216 1197 3306 perosi.

243 3327 303 3389 150
327 3328 367 3389 Et
381 3342 456 3390 tune
474 3327 683 3392 Romulidum
698 3328 753 3392 liet
769 3328 860 3415 fuga,
882 3326 939 3391 sed
953 3349 1055 3389 novus
1069 3315 1146 3411 ipsis

324 3431 443 3496 Missus
456 3455 513 3495 rex
530 3431 570 3495 dc
585 3434 652 3496 sole
670 3434 783 3507 aderit,
800 3456 856 3496 rex
868 3449 964 3520 atque
979 3431 1140 3511 sacerdos,

324 3540 370 3600 Ex
388 3537 479 3626 Syria
494 3540 636 3617 venicus,
653 3557 723 3604 astu
741 3539 794 3628 qui
809 3556 923 3603 cuneta
938 3536 1091 3628 patrabit.

324 3645 414 3708 Tunc
429 3646 491 3708 erit
504 3647 582 3710 urbs
598 3647 693 3729 Solis,
707 3670 803 3734 quam
820 3645 941 3709 circum
957 3668 1037 3737 rapa
1052 3644 1238 3722 frementes,

269 3849 325 3896 tat.
345 3845 420 3895 Codd.
432 3848 528 3897 ναίουσι
538 3848 589 3898 siue
599 3850 646 3899 ὑπὸ
655 3865 661 3898 ;
670 3865 713 3897 nos
722 3849 779 3897 add.
815 3857 841 3897 ut
854 3857 920 3914 patet
932 3864 962 3896 ex
977 3847 1079 3904 Zosinio,
1092 3846 1112 3903 Ι,
1126 3848 1168 3903 29,
1179 3842 1286 3894 habente
1296 3844 1358 3893 elas·

270 3923 326 3970 itt.
345 3920 397 3971 ctr.
411 3921 451 3981 lv,
468 3926 508 3972 at.
813 3924 891 3972 sicum
905 3925 935 3972 de
947 3923 991 3972 ista
1003 3931 1075 3987 gente
1089 3923 1180 3971 locum.

269 3999 325 4046 tat.
345 3998 651 4073 (1οι1ι1.οἰσίῃσιτεράτων,
849 4002 904 4050 llh.
924 3998 999 4047 Codd.
1024 3999 1119 4064 φέρων,
1140 3993 1181 4044 ubi
1200 4011 1244 4043 nos
1266 3995 1358 4061 προφέ-

269 4073 324 4120 tat.
344 4072 401 4121 Post
413 4075 467 4129 ὅλα,
479 4074 564 4139 supple
576 4073 605 4122 δ’.
813 4091 862 4139 ρων
873 4092 903 4123 ex
917 4074 981 4133 xlv,
1001 4079 1054 4123 tus.

215 4168 219 4176 ·
269 4149 324 4196 188.
344 4147 377 4196 lle
395 4148 510 4199 bellatore
528 4150 574 4199 isto
592 4149 676 4198 eouler
697 4166 778 4216 supra,
849 4152 902 4198 iu.
923 4149 1073 4198 Uuuseodex
1088 4146 1203 4212 ἄκοσμος
1214 4143 1355 4195 nonhabet.

233 4225 276 4285 Π,
290 4231 314 4271 et
329 4221 362 4270 ihi
377 4233 427 4272 uot.
812 4222 861 4274 etr.
875 4222 918 4272 t'lt
927 4261 934 4280 ,
955 4226 1010 4275 123.

268 4300 323 4346 139.
344 4297 417 4347 Ludit
425 4299 511 4349 Noster
522 4299 547 4347 in
558 4300 636 4349 serbis
647 4299 774 4358 similibus,
846 4301 902 4365 ψ’.
930 4301 974 4347 'lia
988 4299 1076 4363 Συρίης
1084 4298 1218 4362 opacantia
1227 4297 1299 4345 modo
1309 4297 1358 4345 lec·

231 4372 321 4420 Λύκιοι
330 4381 355 4420 et
364 4373 444 4433 λύκοι,
454 4375 519 4440 quod
531 4374 605 4424 latine
618 4375 720 4424 reddere
728 4392 777 4425 non
810 4384 863 4422 tum
871 4383 932 4431 erat,
941 4382 963 4422 et
971 4372 1008 4421 bis
1016 4373 1122 4438 quidem,
1138 4375 1179 4429 22¹,
1189 4371 1219 4420 de
1226 4371 1340 4438 Philippo
1350 4390 1358 4434 3

232 4446 364 4511 potuimus.
814 4454 856 4508 90,
872 4450 902 4498 de
916 4449 1019 4514 Cyriade
1030 4467 1035 4496 t
1046 4465 1112 4496 nune
1125 4448 1155 4495 de
1169 4447 1291 4512 Odenato,
1304 4448 1357 4498 Pal·

269 4524 324 4572 ttt.
344 4522 421 4572 Codd.
440 4527 544 4590 καρποί,
563 4542 637 4592 pravo
661 4534 779 4595 accentu,
815 4539 888 4590 myra
897 4540 952 4589 rege
963 4525 1035 4574 simul
1048 4534 1071 4574 et
1088 4522 1212 4588 pontifice.
