3186 5310
289 421 292 425 ,
327 382 366 442 92
658 381 912 446 ΣΙΒΥΛΛΙᾹΚΩΝ
934 381 1059 442 ΛΟΓΟΣ
1079 381 1113 441 Γ.

434 528 563 614 Πάντες,
583 533 635 599 καὶ
655 531 747 625 Τροίη
767 534 860 600 κακὸν
873 532 994 599 ἔσσεται
1008 532 1106 623 ἤματι
1125 529 1225 616 κείνῳ.

432 636 553 704 Αὐτίκα
568 637 620 707 καῖ
639 641 774 734 Πέρσησι
792 639 843 707 καὶ
863 628 1024 732 Ᾱσσυρίοις
1040 639 1133 705 κακὸν
1150 630 1227 723 ἥξει,

433 739 523 836 Πάση
541 747 570 811 τ’
589 746 749 840 Αἰγύπτῳ,
764 742 873 842 Λιόιίνρ,
891 738 943 822 ηδ’
962 746 1151 831 Αἰθιόπεσσι,

435 851 536 943 Καρσί
554 880 600 938 τε,
622 855 804 947 Παμφύλοις
820 880 864 936 τε,
883 862 984 932 κακῶς
998 854 1244 947 μετακινηθῆναι,

330 982 392 1024 οιο
434 959 498 1025 Καὶ
516 959 664 1028 πάντεσσι
686 964 838 1054 βροτοῖσι.
865 963 907 1027 Τί
925 953 963 1037 δὴ
984 945 1051 1028 καθ’
1073 959 1103 1027 ἓν
1123 954 1308 1056 ἐξαγορεόως

434 1051 514 1134 Ᾰλλ’
533 1069 647 1136 ὁπόταν
668 1065 709 1135 τὰ
727 1080 838 1162 πρῶτα
854 1071 942 1147 τέλος
958 1064 1056 1162 λάόη,
1079 1068 1189 1135 αὐτίκα
1206 1060 1335 1134 δ’ἔσται

433 1174 552 1267 Δεότερ’
566 1177 614 1243 ἐπ’
629 1176 814 1267 ἀνθρώπους.
830 1175 895 1242 Καί
914 1200 963 1243 τοι
980 1178 1141 1268 πρώτιστα
1163 1177 1277 1261 βοάσω.

488 1270 642 1374 Ᾰνδράσιν
660 1278 809 1350 εὐσεβέων
826 1278 889 1362 ἥξει
903 1284 1007 1368 κακὸν,
1025 1278 1054 1349 οῖ
1076 1281 1144 1376 περὶ
1164 1283 1235 1349 ναὸν

435 1386 589 1456 Οἰκείουσι
609 1392 703 1483 μέγαν
723 1392 923 1483 Σολομώνιον,
948 1392 1026 1457 οἵτε
1045 1381 1171 1457 δικαίων

333 1493 395 1559 215
437 1482 506 1561 Ᾰνδ
511 1506 567 1588 ρῶν
583 1497 701 1592 ἔκγονοί
715 1497 800 1564 είσιν.
822 1480 916 1590 Ομως
931 1496 982 1564 καὶ
999 1490 1097 1564 τῶνδε
1118 1499 1222 1582 βοάσω

410 1621 413 1627 ’
433 1606 544 1687 Φυλον,
563 1605 614 1670 καὶ
632 1609 735 1699 γενεὴν
753 1607 905 1697 πατέρων,
925 1603 976 1670 καὶ
997 1595 1095 1696 δῆμον
1113 1604 1271 1686 ἁπάντων,

436 1708 547 1776 Πάντα
565 1702 782 1803 περιφραδέως,
800 1711 890 1803 βροτὲ
910 1711 1108 1804 ποικιλόμητι
1124 1703 1284 1803 δολόρρον.

489 1797 570 1884 βστι
588 1818 676 1897 πόλις
696 1865 861 1885 .......
883 1814 963 1885 κατὰ
981 1818 1087 1910 χθονὸς
1106 1804 1184 1913 [Οῧρ
1201 1803 1401 1910 Χαλδαίων,]

438 1908 481 2001 βξ
494 1922 530 2002 ης
545 1950 597 2016 μοι
610 1927 695 2018 γένος
711 1925 774 1992 ἐστὶ
788 1916 993 2000 δικαιοτάτων
1012 1925 1189 2017 ἀνθρώπων,

332 2054 395 2095 220
438 2026 525 2098 Οἷσιν
543 2031 589 2097 ἀεὶ
605 2032 702 2114 βουλό
716 2038 744 2098 τ’
758 2031 870 2127 άγαθή,
887 2031 968 2099 καλά
986 2036 1014 2098 τ’
1033 2034 1107 2126 ἔργα
1123 2036 1266 2124 μέμηλεν.

436 2138 519 2203 Οὔτε
533 2136 591 2233 γὰρ
606 2137 708 2213 ἠελίου
723 2141 844 2207 κύκλιον
865 2130 992 2232 δρόμον,
1017 2140 1088 2206 οὔτε
1107 2140 1243 2220 σελήνης,

436 2245 520 2311 Οὔτε
540 2248 675 2339 πελώρια
691 2247 765 2341 ἔργα
781 2256 946 2338 μεριμνῶσι
963 2243 1046 2312 κατὰ
1064 2246 1163 2338 γαίης,

437 2351 520 2418 Οὔτε
540 2352 632 2437 βάθος
647 2361 796 2446 χαροποῖο
816 2351 971 2430 θαλάσσης
989 2339 1153 2436 Οκεανοῖο,

438 2460 485 2525 Οιῖ
506 2467 654 2552 πταρμῶν
670 2465 768 2552 σημεῖ’
783 2458 971 2527 οἰωνοπόλων
989 2485 1024 2525 τε
1045 2454 1183 2542 πετεινὰ,

231 2619 234 2623 ,
334 2564 396 2631 225
442 2565 644 2657 Οὐμάντεις,
670 2571 704 2632 οὐ
724 2566 915 2658 φαρμακοὺς,
938 2567 1047 2658 οὐμῆν
1068 2556 1244 2652 ίπαοιδοὺς,

439 2674 487 2739 Οὐ
507 2672 608 2764 μόθων
626 2683 734 2766 μωρῶν
750 2671 873 2750 ἀπάτας
888 2673 1150 2767 ἐγγαστριμύθων,

437 2769 520 2847 Οὐδὲ
535 2778 575 2846 τὰ
590 2772 757 2847 Χαλδαίων
773 2776 814 2845 τὰ
828 2778 1002 2872 προμάντια
1017 2781 1268 2874 άστρολογοῢσιν,

442 2877 511 2953 Οὐδ
514 2886 526 2952 ὲ
547 2888 602 2979 μὲν
616 2886 855 2979 ἀστρονομοῦσι·
871 2883 911 2951 τὰ
924 2885 982 2981 γάρ
998 2887 1100 2953 πλάνα
1115 2887 1219 2954 πάντα
1234 2889 1378 2979 πίρυκιν,

441 2978 531 3061 Οσσα
543 3018 593 3059 κεν
608 2990 733 3085 άρρονες
752 2984 860 3082 ἄνδρες
875 2995 1013 3084 ἐρευνῶσι
1028 2991 1111 3060 κατὰ
1124 2990 1219 3086 ἦμαρ,

337 3102 401 3167 230
441 3099 551 3193 Ψυχὰς
568 3093 769 3194 γυμνάζοντες
784 3104 813 3178 ἐς
828 3091 914 3167 οὐδὲν
931 3103 1080 3193 χρήσιμον
1099 3101 1197 3194 ἔργον,

438 3208 502 3274 Καί
520 3214 556 3301 βα
575 3208 692 3281 πλάνην
713 3199 859 3284 ἐδίδαξαν
878 3208 1041 3285 άεικελίους
1058 3207 1257 3300 ἀνθρώπους·

437 3299 483 3393 Ἐξ
499 3313 539 3380 ὧν
559 3304 597 3388 δη
620 3311 700 3381 κακὰ
720 3311 821 3381 πολλὰ
841 3318 962 3405 βροτοῖς
978 3316 1105 3381 πελεται
1121 3310 1204 3380 κατὰ
1217 3322 1324 3408 γαῖαν,

348 3447 353 3459 ·
439 3423 504 3488 Τοῦ
525 3421 735 3495 πεπλανῆσθαι
754 3412 845 3501 όδοός
862 3425 890 3487 τ’
905 3417 1022 3514 οἱγαθδις
1037 3419 1088 3488 καὶ
1107 3421 1182 3514 ἔργα
1202 3411 1318 3488 δίκαια.

438 3528 479 3597 Οἱ
494 3519 530 3593 δὲ
547 3525 713 3619 μεριμνῶσί
731 3553 764 3595 τε
787 3519 980 3601 δικαιοσόνην
997 3532 1024 3595 τ’
1043 3529 1154 3622 ἀρετήν
1173 3552 1223 3593 τε·

335 3635 399 3703 235
442 3637 508 3704 Κοῦ
530 3635 777 3726 ριλοχρημυσόνη
794 3619 890 3728 [τοῖς]
905 3635 946 3727 γ’,
964 3635 982 3710 ἢ
1002 3630 1083 3701 κακὰ
1103 3632 1195 3727 μυρία
1214 3632 1313 3702 τίκτει

438 3744 570 3818 Θνητοῖς
591 3740 771 3833 ἀνθρώποις,
791 3741 924 3832 πόλεμον
940 3739 992 3819 καὶ
1005 3743 1096 3832 λιμὸν
1113 3737 1246 3832 ἄπειρον.

332 3957 431 4013 -213,
443 3969 495 4018 sqq.
511 3952 633 4002 Transitio
646 3952 677 4001 ad
689 3950 827 4001 Judaeorum
840 3951 974 4002 historiam.
992 3981 1020 4009 —‚
1036 3955 1093 4014 218,
1109 3968 1163 4019 sqq.
1179 3951 1241 4002 Laus
1261 3953 1408 4003 ludaeorum.
1423 3984 1455 3992 —

366 4131 424 4178 208.
443 4126 500 4177 Post
511 4128 589 4192 Διθύῃ
605 4142 637 4176 ιω
649 4127 671 4176 τ’
683 4125 839 4175 addendum?
945 4128 1002 4179 218.
1019 4126 1048 4176 lu
1066 4127 1154 4176 lacuna
1168 4125 1268 4176 sortasse
1280 4125 1412 4193 Καμάρινα
1421 4125 1457 4175 le-

367 4205 425 4256 209.
444 4203 521 4253 Codd.
537 4202 588 4262 alii,
604 4204 760 4268 Παμφυλὶοις
775 4217 818 4251 τει
832 4199 877 4251 cfr.
910 4202 1024 4267 gendum,
1034 4203 1164 4268 antiquum
1176 4217 1265 4251 nomen
1275 4201 1343 4251 urbis
1352 4201 1394 4256 Ur,
1406 4211 1459 4250 tra·

333 4290 407 4346 supra
426 4283 481 4331 169.
510 4278 600 4328 Deinde
619 4295 663 4344 pro
681 4278 758 4328 κακόν
779 4276 834 4327 vide
847 4293 879 4325 an
911 4278 982 4327 dente
998 4278 1131 4345 Eupolemo
1142 4279 1207 4342 apud
1221 4276 1363 4334 Eusebium,
1380 4275 1458 4344 Ρτισρ.

335 4357 418 4412 κακῶς
426 4357 498 4420 legas.
514 4353 560 4403 nisi
572 4353 706 4403 infinitivus
713 4352 879 4420 prosubstau·
911 4354 1012 4419 meap.
1028 4358 1066 4415 Η,
1080 4354 1172 4405 Judoeo,
1186 4362 1214 4402 ut
1228 4353 1333 4412 videtur,
1346 4361 1456 4418 auctore,

335 4427 386 4479 tivo
398 4431 511 4481 sumitur.
911 4429 953 4493 qui
974 4427 1094 4494 Sibyllina
1111 4429 1213 4492 legerat,
1238 4427 1327 4478 Euseb.
1348 4426 1408 4476 ibid.
1428 4428 1458 4478 ln

313 4532 318 4551 ι
370 4503 781 4558 214.Οωόι1.οῖκοῦσιιιιοοεοττ.
912 4504 960 4554 fine
973 4505 1044 4555 codd.
1063 4504 1294 4571 οὺρχαλδαίω(ρτο
1310 4519 1361 4570 (μισ
1384 4504 1459 4570 ριιισῖ

77 4628 331 4984 ἢ
