3186 5310
495 910 896 1039 ANONYMI

210 1209 487 1297 PRAEFATIO
514 1215 587 1293 AD
614 1212 861 1296 ORACULA
891 1145 1180 1292 SIBYLLINA.

477 1519 482 1527 ,
513 1520 517 1526 ,
609 1493 787 1523 ⁴00oe-

183 1717 216 1782 Si
233 1717 465 1808 pertractandis
480 1717 624 1808 profanae
636 1718 768 1786 Graeciae
789 1716 880 1784 libris
896 1717 1058 1808 impensus
1078 1713 1170 1780 labor
1187 1734 1255 1780 ma·

139 1846 235 1911 gnam
247 1824 532 1905 affertutilitatem,
543 1824 697 1892 doctrinae
712 1825 831 1918 quippe
844 1824 971 1916 copiam
986 1822 1024 1889 iis
1035 1837 1189 1914 prestans
1201 1819 1257 1910 qui

140 1930 172 1996 in
192 1932 247 1998 illo
269 1934 448 2001 studiorum
464 1958 582 2026 genere
599 1935 777 2011 desudant;
798 1949 916 2024 quanto
935 1931 1037 2021 magis
1052 1945 1182 2022 oportet
1201 1951 1258 1994 eos

140 2039 193 2128 qui
219 2042 363 2130 sapiunt,
393 2041 508 2108 divinis
536 2066 665 2134 semper
694 2043 881 2108 incumbere
911 2037 1094 2130 scripturis,
1123 2038 1163 2105 de
1188 2038 1259 2102 Deo

137 2145 256 2236 quippe
265 2165 297 2213 et
307 2147 347 2211 de
356 2147 534 2215 animarum
542 2150 643 2216 salute
658 2148 839 2240 agentibus,
850 2165 999 2214 nacturos
1011 2144 1086 2212 inde
1095 2143 1258 2235 duplicem

141 2251 290 2332 fructum,
320 2271 355 2317 ut
378 2254 441 2319 sibi
464 2270 497 2319 et
520 2255 695 2321 lectoribus
714 2253 857 2347 prosint!
884 2255 957 2338 Qua
982 2249 1077 2318 etiam
1103 2251 1143 2316 de
1168 2272 1261 2316 causa

141 2358 220 2425 mihi
236 2360 338 2427 visum
351 2379 399 2426 est
416 2361 570 2452 Sibyllina
583 2388 654 2454 quae
668 2381 825 2430 vocantur
838 2362 987 2442 Oracula,
1009 2384 1080 2451 quae
1104 2382 1211 2450 sparsa
1229 2376 1263 2425 et

141 2464 272 2532 confusa
298 2467 553 2548 inveniebantur,
581 2469 624 2535 ad
647 2494 810 2537 sacrarum
840 2469 1008 2536 literarum
1036 2466 1209 2534 lectionem
1230 2481 1264 2532 et

141 2574 358 2665 cognitionem
375 2575 577 2665 pertinentia,
597 2576 631 2643 in
652 2601 750 2644 unam
773 2577 863 2668 quasi
886 2576 1002 2643 seriem
1024 2592 1057 2641 et
1076 2596 1263 2666 compagem

142 2681 297 2770 redigere,
316 2706 380 2772 quo
395 2682 517 2749 facilius
533 2707 551 2749 a
567 2684 748 2773 legentibus
765 2709 830 2751 uno
851 2683 969 2750 intuitu
984 2681 1214 2775 percipiantur,
1231 2696 1265 2747 et

143 2787 297 2878 quidquid
312 2788 345 2855 in
369 2814 403 2857 se
426 2790 534 2857 ferunt
557 2791 732 2873 commodi,
749 2790 941 2858 adeuntibus
963 2806 1124 2881 praestent,
1148 2787 1265 2855 multae

142 2917 217 2961 sane
228 2920 279 2961 res
290 2897 444 2988 perutiles
459 2921 497 2963 ac
511 2897 705 2965 necessarias
719 2897 983 2977 demonstrantia,
1001 2896 1079 2964 dum
1093 2895 1187 2964 simul
1198 2920 1265 2963 am·

142 3002 236 3092 plior,
265 3002 359 3073 simul
385 3004 428 3070 ob
455 3005 643 3072 varietatem
660 3005 836 3093 jucundior
856 3022 1047 3097 conspectus
1071 3003 1146 3071 libri
1167 3002 1267 3070 totius

144 3109 324 3176 exhibetur.
342 3111 424 3176 Nam
441 3112 482 3178 de
492 3113 600 3197 Patre,
615 3112 709 3196 Filio,
724 3112 907 3204 Spirituque
921 3114 1051 3194 Sancto,
1068 3112 1131 3177 hoc
1146 3126 1207 3195 est,
1225 3109 1266 3175 de

145 3215 250 3282 divina
271 3235 302 3283 et
324 3242 420 3284 omne
433 3217 505 3285 vitae
519 3218 714 3310 principium
730 3220 868 3286 habente
884 3217 917 3283 in
933 3243 966 3285 se
985 3218 1155 3298 Trinitate,
1177 3241 1270 3309 aper-

146 3320 263 3386 tissime
289 3320 487 3410 loquuntur3
515 3324 593 3390 item
611 3325 650 3391 de
676 3324 893 3390 incarnatione
917 3323 1048 3389 Domini
1070 3323 1130 3389 Dei
1155 3325 1268 3389 Serva-

146 3428 287 3520 totisque
304 3430 404 3495 nostri
422 3426 497 3496 Jeiu
511 3430 643 3510 Christi,
658 3437 739 3520 ejus,
761 3431 905 3522 inquam,
919 3453 959 3496 ex
975 3429 1096 3521 virgine
1113 3445 1188 3497 ortu
1200 3428 1268 3495 sine

146 3533 287 3615 effluvio,
305 3536 345 3602 de
366 3538 490 3604 morbis
511 3538 622 3605 abillo
642 3539 771 3625 sanatis,
787 3538 827 3604 de
843 3536 968 3604 vivifica
990 3540 1058 3626 ejus
1076 3537 1221 3627 passione
1237 3552 1269 3602 et

146 3703 227 3758 tianus
246 3706 310 3758 etin
331 3716 382 3758 tuto
401 3708 481 3775 operis
495 3708 531 3759 sui
552 3709 654 3761 consilio
671 3707 828 3758 christianam
847 3724 899 3759 rem
912 3705 996 3759 sedulo
1009 3722 1096 3773 egens,
1111 3723 1125 3756 a
1143 3705 1270 3773 Sibyllinis

148 3807 191 3842 suo
211 3802 319 3859 tempure
340 3794 428 3858 sparsis
449 3810 523 3845 unam
544 3810 625 3845 rerum
643 3794 731 3845 seriem
749 3793 874 3856 detexere,
899 3809 953 3861 pag.
970 3795 980 3843 l
999 3792 1095 3859 :idque
1117 3793 1269 3859 propositum

149 3935 234 3999 tionis,
258 3953 331 4004 quam
353 3938 502 3989 emanauoni
524 3939 574 3990 sive
594 3939 692 3991 effluvio
723 3940 880 4006 ἁδωιιρέτωςτ
894 3954 945 4006 quo
958 3937 1272 4006 sensusidlssesctsivvr·

151 4013 284 4080 comparari
303 4013 443 4064 uoluerunt.
457 4013 505 4064 Sed
523 4015 554 4065 de
573 4013 691 4072 secunda,
725 4031 763 4071 es<
783 4013 863 4064 iorssn
884 4011 952 4064 haud
972 4013 1105 4081 improprie
1126 4013 1173 4063 dici
1188 4015 1272 4082 possit,

150 4099 178 4139 ut
190 4088 235 4156 ipsi
248 4090 391 4154 loquuntur,
405 4088 570 4153 generatione,
584 4087 609 4138 id
618 4097 654 4138 est
663 4087 694 4138 de
725 4089 858 4141 insolenter
869 4099 958 4140 tamen.
975 4089 1067 4139 Contra
1077 4090 1104 4140 in
1113 4106 1141 4140 ea
1150 4107 1186 4149 re,
1196 4091 1273 4159 ᾱρῤη-

152 4165 242 4216 Christi
260 4163 438 4225 incsnutioue,
455 4162 504 4214 hcc
521 4163 694 4230 predicantes·
726 4182 779 4226 τος,
799 4165 985 4224 decimilia»,
1001 4166 1175 4217 consuetudine
1188 4167 1273 4217 tritum

152 4247 204 4286 tum
217 4253 336 4303 rrusquam
347 4236 464 4288 hacteuus
476 4236 621 4287 invenimus,
641 4236 696 4288 Ple·
727 4251 772 4301 est,
788 4241 853 4308 quod
863 4241 918 4291 vide
930 4257 962 4291 an
973 4240 1015 4291 hic
1029 4241 1149 4308 praeferas.

152 4314 207 4363 nius
219 4324 245 4364 et
257 4313 396 4364 temerius
408 4313 512 4365 loannes
524 4313 633 4364 Damae.
649 4312 695 4373 111,
762 4319 786 4368 2.
803 4317 910 4368 Delendis
933 4317 971 4367 vel
995 4318 1136 4384 corrigenda
1160 4328 1218 4369 nots
1240 4328 1277 4369 est

153 4405 206 4456 cap.
223 4392 249 4449 2,
260 4388 351 4440 Filium
362 4391 387 4440 iu
399 4400 482 4441 sancte
490 4389 697 4441 incamstionsde
729 4409 779 4460 qus
801 4394 828 4444 in
842 4393 950 4444 editions
968 4393 1050 4461 priore
1063 4395 1193 4447 discrimen
1213 4396 1278 4448 iuter

154 4464 226 4516 Patre
241 4466 357 4532 prodiisse
375 4467 450 4518 uadit
467 4467 699 4538 bullecurtensi
730 4469 841 4533 γάνωσιν
863 4477 890 4520 et
902 4470 999 4534 γένεσιν
1016 4480 1121 4521 statuere
1140 4473 1222 4523 curiati
1236 4489 1277 4522 su·
