3186 5310
10 58 215 177 “
302 116 587 180 SlBYLLlNORUM
608 119 681 181 LIB.
705 120 769 182 ΧΗ.

10 242 243 339 Nd
254 266 433 317 extremum
448 251 559 317 Tiberi
571 251 766 345 sinuosaque
775 254 872 346 longe

10 344 432 449 §vacquantum
456 358 618 443 Phoenice,
636 357 727 425 flebis
743 361 855 447 inulta,

10 462 282 561 *uper
299 464 435 554 aggestis
453 465 617 530 calcabcre
638 468 724 532 nuda
743 468 890 558 tropaeisl

10 570 218 669 *nd
231 571 378 661 Assyrios
393 571 507 660 fugies,
524 589 679 661 natosque
694 574 817 639 ridebis

10 698 253 779 *sque
268 694 339 743 tuas
356 677 440 742 hosti
455 678 573 742 servire
587 682 740 768 superbo.

10 800 264 891 §entur
279 807 373 873 opes3
387 784 434 849 vis
448 802 479 848 et
494 786 591 850 dcc-us
606 811 701 852 omne
716 789 846 877 peribit.

10 912 191 1007 *rs
210 891 329 982 quippe
346 891 405 956 Dei
423 891 527 980 magni
546 893 770 983 superingruet
789 896 847 976 ira,

10 1028 161 1109 ξι
172 996 280 1087 legem
296 1021 445 1087 sprevere
461 1022 560 1080 suam,
579 999 810 1090 simulacraque
821 1026 914 1084 vana,

10 1150 127 1219 Q.
163 1129 246 1196 opus
263 1106 399 1192 miserae,
420 1106 517 1170 sacris
535 1106 664 1172 coluere
683 1107 841 1176 nefandis.
934 1180 948 1210 ο

10 1232 191 1329 *xm
209 1213 318 1303 igitur,
335 1213 475 1302 bellique
487 1214 585 1296 vices,
600 1214 767 1304 caedesque
789 1232 939 1296 cruentae,

10 1320 258 1439 §viceque
270 1321 419 1410 luesque3
439 1338 533 1385 ruent
548 1337 581 1385 et
603 1321 744 1387 funditus
762 1324 872 1388 urbes.

91 1444 177 1493 un
192 1452 268 1493 vero
282 1428 321 1493 ad
341 1428 436 1493 finem
456 1427 578 1518 proprii
597 1453 652 1493 rex
669 1428 795 1493 inclitus
811 1428 868 1494 acri

10 1488 212 1617 *neria
228 1550 369 1600 armatus
383 1534 482 1599 vitam
492 1534 524 1598 in
536 1534 709 1599 certamine
727 1535 863 1624 linquet.

10 1598 195 1707 Ἢίηο
212 1642 278 1707 duo
298 1643 477 1731 regnabunt
494 1643 573 1706 mira
593 1641 711 1731 pietate
732 1642 873 1708 colentes

10 1712 185 1814 ffiissi
204 1748 321 1814 famam
340 1748 438 1838 patris
457 1773 638 1837 nomenque
656 1750 843 1836 verendum,

10 1820 256 1920 'findentes
272 1854 376 1919 multo
394 1854 505 1944 stipari
525 1853 634 1920 militis
653 1879 749 1920 cnse:

10 1928 217 2039 {uorum
236 1985 331 2043 unus,
348 1960 474 2026 virtutis
487 1960 548 2026 erit
567 1962 621 2050 qui
641 1962 744 2026 clarus
763 1963 898 2042 honore,

10 2038 207 2136 *omine
225 2085 406 2134 tercentum
421 2067 579 2157 signabit:
597 2067 712 2134 deinde
732 2069 879 2158 malignis

10 2148 206 2243 ‘Accidet
219 2175 352 2256 insidiis,
375 2176 458 2238 inter
475 2173 606 2264 propria
628 2174 756 2263 agmina
779 2200 889 2259 caesus,

10 2256 212 2375 *Ancipiti
230 2283 317 2346 ferro
336 2280 442 2346 media
462 2305 631 2370 percussus
651 2283 682 2345 in
703 2285 795 2348 urbe.

114 2390 206 2455 Alter
222 2407 295 2478 post
313 2388 417 2478 ipsum
430 2387 554 2453 validus
571 2387 722 2478 belloque
740 2389 924 2454 tremendus

10 2480 42 2521 ι’
60 2495 240 2577 succedet,
260 2518 394 2560 numero
413 2517 509 2583 quem
528 2494 618 2558 litera
641 2513 752 2583 quartu
769 2496 907 2561 notabit.

10 2590 17 2625 ⁷
66 2604 172 2669 cerus
188 2599 249 2665 erit
264 2599 392 2690 populis
408 2598 600 2665 immensum
615 2600 835 2666 habitantibus
851 2603 984 2681 orbem;

62 2711 113 2776 Et
127 2726 205 2774 tunc
216 2707 373 2772 bellorum
389 2705 518 2794 requies
533 2707 594 2772 erit
613 2708 677 2772 alta
697 2732 754 2796 per
770 2732 883 2773 omnes

62 2818 241 2884 Terrarum
258 2830 397 2895 tractus,
418 2812 505 2877 ultro
524 2837 624 2902 quum
643 2813 719 2878 solis
738 2816 779 2878 ab
799 2831 873 2879 ortu

68 2925 155 2991 Solis
177 2923 217 2988 ad
238 2946 387 2987 occasum
406 2921 544 2986 subdent
563 2922 707 2986 mortalia
728 2946 797 2988 sese

10 3046 41 3095 3
67 3032 159 3099 Colla
174 3033 267 3120 jugo,
289 3027 431 3118 pandent
448 3051 482 3092 sc
496 3030 604 3105 urbes,
630 3028 795 3118 legemque
815 3030 960 3096 volentes

72 3138 262 3228 Accipient:
282 3159 432 3226 magnum
452 3133 572 3224 quippe
589 3134 665 3200 huic
683 3137 835 3201 decernet
852 3137 1010 3203 honorem

70 3245 225 3311 AEternus
244 3243 401 3325 Sabaoth,
423 3241 490 3306 caeli
510 3241 564 3330 qui
581 3260 692 3331 regnat
710 3244 752 3309 ab
771 3268 856 3308 arce.

71 3351 135 3417 Sed
150 3368 219 3415 tum
240 3349 411 3415 Pannoniae
430 3371 490 3437 per
508 3371 602 3435 agros
620 3366 652 3414 ct
672 3349 794 3414 Gallica
812 3375 887 3417 rura

71 3457 183 3526 Saeviet
197 3474 265 3521 atra
286 3458 398 3538 fames,
419 3473 452 3520 ct
469 3454 592 3543 praedas
611 3476 745 3547 aggeret
759 3460 858 3525 Orco.

10 3708 25 3750 it
43 3698 117 3766 paulo
134 3705 191 3746 ante
218 3694 306 3761 copula
324 3711 366 3744 scu
392 3708 527 3759 pronomen
600 3689 655 3738 121.
673 3687 710 3736 An
723 3688 840 3753 σχήσειεῖ
854 3685 985 3737 barbarum
999 3687 1106 3754 quidem,

10 3774 78 3843 rpohe
91 3773 145 3822 loco
154 3771 260 3838 positum
272 3788 322 3833 μιν,
341 3778 370 3819 ut
382 3768 455 3826 iufra,
470 3772 527 3828 tus,
562 3764 603 3813 sed
617 3762 773 3830 sibyllinum,
788 3773 816 3813 ut
828 3763 874 3827 Xl,
888 3768 930 3823 91,
943 3774 992 3814 ete.

19 3848 63 3907 lll,
83 3851 142 3909 tta,
156 3855 181 3896 et
198 3845 283 3911 saepius
300 3847 323 3894 ol
341 3844 406 3911 apud
424 3843 530 3893 Alexan·
599 3843 656 3891 122.
674 3839 750 3890 codd.
769 3841 879 3904 κελαίνῃ,
893 3840 936 3889 ubi
949 3857 994 3890 nos
1005 3841 1047 3890 ael
1060 3841 1107 3902 tvt,

10 3927 78 3977 qnos,
562 3921 590 3962 ut
602 3929 683 3979 supra,
695 3918 735 3963 ts.
747 3913 793 3964 Sed
800 3914 841 3963 hie
850 3925 974 3981 prestaret
989 3917 1036 3966 οὐκ
1050 3919 1086 3968 ὲν.

19 4004 78 4053 115.
96 3998 172 4049 Codd.
184 3991 253 4051 dcte
264 4011 270 4046 :
283 4012 348 4046 corr.
364 3994 455 4044 Friedl.
598 3993 652 4041 121.
672 3990 749 4039 Codd.
762 3991 913 4054 γαμπεύσεις
923 4006 929 4040 :
940 4008 1006 4042 corr.
1017 3991 1106 4042 l'riedl.

19 4083 77 4135 ιιτ.
95 4080 171 4130 codd.
186 4078 253 4129 ἄλλοι
264 4093 314 4126 non
328 4074 450 4126 habebant
464 4088 471 4124 :
486 4090 530 4124 nos
561 4063 656 4115 tavenre
667 4063 716 4124 111,
731 4066 789 4116 205.

10 4159 53 4217 ld„
68 4156 120 4207 lere
132 4164 160 4205 ut
173 4170 260 4220 supra,
274 4156 315 4203 tu.
600 4146 655 4191 130.
675 4140 751 4190 Codd.
766 4151 821 4208 post
832 4145 905 4209 ὐποχ.
919 4142 1012 4193 addunt
1021 4143 1050 4194 δ’.

22 4236 77 4287 119.
99 4231 224 4280 Praeterea
235 4228 390 4283 κυδιόωντες.
601 4224 656 4271 mi.
676 4219 752 4269 Codd.
765 4221 875 4286 κόσμος,
888 4231 913 4272 et
922 4222 964 4272 ael
976 4223 1053 4274 alnou.

931 4318 968 4377 19
