3186 5310
516 428 801 493 SIBYLLINORUM
822 431 896 492 LlB.
917 430 954 491 ll.

257 560 307 625 Ne
322 576 388 625 sata
407 561 521 626 fureris
538 589 545 628 :
562 586 613 627 res
628 564 822 628 exsecranda
838 585 1039 652 peromnem

258 668 334 731 Haeo
347 668 407 732 erit
418 685 557 751 aetatem,
570 669 643 735 vitoe
655 670 744 760 quod
758 669 889 759 dissipet
901 692 1006 735 usum.

257 774 308 839 Ne
322 797 491 865 corrumpe
505 800 609 841 mares
626 801 633 844 ι
647 802 688 842 ne
699 778 781 843 latro
795 794 849 842 aut
862 775 1008 867 proditor
1019 792 1099 842 esto.

257 881 350 946 Solve
368 881 527 948 laboranti
547 886 727 951 mercedem
746 909 753 950 :
770 910 810 949 ne
825 886 971 976 opprime
983 907 1129 972 egenum.

192 989 233 1076 75
259 991 306 1053 Da
321 989 445 1054 frenum
460 990 587 1080 liuguae,
600 1016 679 1056 neve
693 1016 835 1082 unquam
851 1015 965 1057 aroana
979 990 1130 1055 resolvas.

177 1142 180 1147 -
259 1095 397 1184 pupillo,
416 1097 519 1163 viduae
539 1117 634 1187 atque
649 1099 737 1188 inopi
754 1122 904 1165 succurre
917 1098 1086 1186 benignus.

259 1204 284 1266 F
285 1227 322 1268 ac
334 1203 412 1267 nihil
427 1205 542 1290 injuste
557 1229 565 1270 ι
581 1206 658 1296 quin
671 1222 703 1271 et
715 1205 904 1272 facientibus
916 1207 1020 1270 obsta.

259 1310 308 1374 Da
323 1310 387 1374 cito
404 1312 612 1402 pauperibus,
626 1336 690 1378 neu
706 1337 775 1379 oras
787 1312 938 1403 promitte
952 1312 1112 1377 daturum.

259 1416 426 1507 Spioarum
438 1419 478 1485 da
491 1436 605 1510 sponte
619 1419 707 1510 inopi
716 1419 758 1484 de
771 1444 872 1485 messe
885 1419 1074 1509 maniplum.

193 1525 235 1589 80
259 1526 394 1589 Fenerat
410 1525 462 1591 ille
474 1528 557 1609 Deo,
577 1528 666 1591 fratri
682 1527 736 1617 qui
753 1527 853 1592 donat
864 1527 981 1617 egenti.

260 1631 325 1714 Qui
343 1633 449 1698 fratris
465 1636 646 1716 miseretur,
660 1634 722 1698 erit
739 1635 915 1722 subjudice
931 1651 1029 1700 tutus.

260 1739 371 1804 Hostia
380 1741 467 1805 nulla
479 1744 561 1823 Deo,
573 1758 728 1832 quantum
742 1765 831 1806 mens
848 1742 946 1832 larga,
963 1743 1129 1831 probatur.

258 1847 306 1911 Da
318 1864 438 1911 vestem
454 1848 555 1928 nudo,
572 1871 692 1938 panem
702 1848 743 1913 da
753 1873 837 1939 pane
852 1848 985 1928 carenti,

258 1953 331 2017 Dux
345 1971 414 2019 esto
427 1953 530 2034 caeeis,
543 1955 611 2020 sine
623 1972 708 2021 teoto
721 1955 901 2020 errantibus
912 1957 1038 2044 hospes.

194 2060 234 2125 85
259 2059 438 2148 Navifragis
457 2085 628 2127 succurre:
647 2062 695 2126 via
710 2079 758 2126 est
775 2064 895 2126 incerta
907 2085 963 2152 per
976 2060 1088 2126 undas.

259 2166 370 2231 Tende
383 2192 515 2233 manum
529 2168 617 2258 lapso
638 2193 645 2234 :
666 2193 754 2233 serva
772 2167 887 2233 tutoris
901 2183 1057 2255 egentem.

260 2276 457 2339 Communes
473 2298 583 2358 casus;
598 2275 661 2339 vita
675 2293 724 2339 est
735 2293 819 2355 rota,
837 2298 971 2363 sorsque
984 2274 1135 2339 volucris.

260 2379 292 2442 si
306 2379 366 2444 tibi
379 2405 456 2471 opes
468 2379 598 2463 suerint,
617 2382 705 2471 inopi
715 2382 831 2469 largire
845 2381 999 2456 salutem;

261 2486 422 2576 Quodque
439 2491 524 2553 Deus
539 2487 598 2553 tibi
614 2488 682 2572 dat,
692 2491 782 2575 juvet
797 2488 961 2579 impertire
979 2487 1111 2551 carenti.

192 2616 235 2681 90
260 2595 447 2661 Communis
461 2595 525 2660 vita
539 2613 599 2679 est,
613 2595 670 2660 sed
682 2619 749 2660 nou
762 2612 868 2660 tamen
885 2594 1035 2660 omnibus
1047 2616 1149 2682 aequa.
1210 2676 1212 2682 Α

260 2701 292 2766 N
294 2725 311 2765 e
323 2702 364 2766 sit
375 2698 529 2785 ludibrio,
547 2703 573 2767 si
587 2704 670 2768 sorte
684 2719 845 2784 occurrat,
859 2725 995 2791 egenus3

260 2809 347 2892 Quin
365 2828 398 2874 et
414 2810 608 2900 culpandum
623 2810 725 2876 civem
739 2833 780 2875 ue
794 2827 907 2901 sponte
923 2811 1069 2875 lacessas.

259 2916 366 2981 Vitam
380 2917 520 2984 hominis
538 2942 624 2983 mors
639 2918 705 2985 sola
719 2919 837 3009 probat
854 2942 862 2985 :
880 2941 935 2983 seu
950 2918 1021 3006 quis
1039 2918 1125 2982 bona
1139 2914 1248 3004 gessit,

261 3026 323 3090 Seu
337 3025 433 3106 mala,
442 3025 566 3112 judicio
583 3018 706 3093 merois
718 3043 774 3092 aut
785 3050 878 3117 poena
895 3042 1023 3115 reposta
1036 3042 1096 3091 est.

194 3132 236 3217 95
262 3133 292 3194 N
295 3154 312 3194 e
326 3117 467 3215 mentem
482 3132 557 3197 vino
566 3127 676 3215 laedas,
690 3155 752 3199 neu
763 3133 836 3222 plus
852 3131 929 3197 bibe
936 3135 1038 3218 justo.

260 3236 419 3327 Sanguine
434 3263 501 3305 non
517 3241 565 3307 fas
581 3257 630 3307 est
648 3240 743 3322 vesci,
760 3264 825 3304 uon
837 3263 933 3305 carue
947 3239 1046 3303 litata.

261 3347 357 3411 Sume
371 3368 494 3430 ensem,
512 3370 579 3412 uon
596 3371 661 3438 quo
674 3345 769 3412 sociis
783 3345 943 3428 annitere,
963 3345 1018 3410 sed
1034 3344 1161 3409 bostem

261 3453 305 3516 Ut
322 3451 432 3542 pellas,
448 3476 490 3519 ue
499 3455 572 3540 jure
585 3454 716 3544 quidem
734 3453 931 3544 destringere
945 3469 1113 3543 promptus
1130 3475 1138 3517 :

260 3560 410 3649 Namque
425 3559 476 3624 vel
489 3559 598 3626 hostili
613 3560 752 3626 foedatur
768 3561 1021 3628 dextraoruore.

177 3690 238 3731 100
262 3666 377 3732 Viciuo
396 3667 557 3735 abstineas
572 3690 663 3758 agro,
681 3690 889 3735 neu-vomere
904 3669 1001 3734 finem

171 3871 246 3914 uitur.
262 3854 368 3928 Reliqua
377 3872 433 3913 sunt
446 3858 530 3913 versus
542 3865 614 3931 hujus
626 3880 656 3916 ex
669 3864 718 3914 'lo-
750 3879 825 3923 com,
842 3864 934 3931 Sibylla
948 3864 1010 3913 duce
1024 3877 1077 3928 quae
1088 3860 1193 3927 primam
1205 3859 1297 3928 produ·

173 3934 228 3998 bh,
242 3954 295 4003 cap.
314 3941 341 3999 4,
354 3955 378 3987 v.
394 3940 425 3989 ld
438 3948 482 3990 aut
497 3943 536 3990 ll.
749 3957 804 3989 cere
825 3941 886 3991 solet
905 3941 930 3989 iu
957 3939 1011 3989 aliis
1029 3952 1125 4004 quoque
1157 3935 1295 4000 hujusmodi

205 4017 314 4068 tt-sa.
328 4013 428 4082 Pbocyl.
445 4019 486 4074 22,
502 4032 555 4082 sqq.
750 4016 898 4083 compositis,
909 4025 936 4066 ut
945 4014 971 4064 iu
984 4015 1067 4070 ἄδικος
1078 4013 1151 4080 paulo
1159 4010 1233 4061 iufra.
1246 4010 1297 4061 lla·

206 4088 246 4140 09.
260 4091 387 4155 Χρῄζοντι
399 4091 542 4158 παράσχου,
562 4096 661 4158 promus
689 4103 717 4144 ut
750 4091 814 4143 lebat
836 4102 918 4142 nmen
944 4090 1110 4141 Boissouadius
1126 4089 1156 4139 ad
1178 4086 1294 4156 Philostr.

172 4180 254 4231 supra,
269 4169 309 4217 19.
750 4171 867 4235 ἔκμετρα.

206 4243 270 4292 90-
280 4245 320 4293 96.
336 4242 428 4292 Desunt
441 4243 468 4294 hi
480 4259 520 4293 sex
533 4243 670 4312 phocylidt
681 4261 719 4295 re-
784 4249 824 4295 96.
844 4243 996 4295 Christianus
1004 4243 1105 4293 omniuo
1119 4255 1202 4291 versus
1210 4255 1241 4288 ex
1250 4238 1296 4288 Ae·

173 4316 292 4368 oentiores
318 4328 342 4369 et
362 4318 463 4370 inficeti.
493 4318 608 4387 Respexit
636 4331 718 4372 umen
751 4320 791 4382 tis,
806 4337 860 4387 cap.
878 4324 918 4378 15,
933 4337 956 4368 r.
972 4323 1014 4379 20,
1028 4329 1053 4369 et
1064 4319 1213 4384 cap.tt,v.
1229 4317 1270 4366 2⁵.

172 4402 259 4443 auctor
276 4394 307 4444 td
326 4393 427 4462 Pboeyl.
450 4399 482 4449 tt
503 4415 509 4445 :
529 4399 617 4449 ’Ἔστω
635 4399 718 4456 κοινὸς
784 4401 825 4460 at,
840 4412 892 4462 sqq.
907 4395 1008 4462 Phoeyl.
1028 4397 1115 4446 aaut.

172 4469 262 4527 &⁶⁸0⁶
274 4470 334 4534 βίος·
785 4476 825 4523 99.
845 4471 921 4522 Godd.
938 4473 1029 4537 μιανιῖς
1041 4487 1048 4521 t
1059 4485 1103 4520 uos
1116 4483 1179 4519 corr.
1190 4483 1224 4531 eq
1232 4464 1298 4515 Pbo-

207 4547 248 4595 95.
267 4545 343 4598 Codd.
366 4547 427 4613 μηδὲ
445 4549 522 4599 πίνειν
542 4549 718 4617 ἅμετραεῐιοε
752 4549 799 4616 oyl.
817 4551 857 4599 ³1.
1175 4573 1178 4580 ·
