3186 5310
233 397 291 456 364
732 391 843 454 NOTAE

230 527 272 577 sni
286 527 330 587 τὴν
347 528 517 595 Δικαιαρχείας
526 527 574 578 ὑπὸ
587 526 665 594 πυρὸς
680 526 772 591 φθορὰν
801 524 833 575 de
846 525 968 594 Babylone
980 525 1025 578 sub
1040 525 1137 577 Tiberio
1155 525 1261 586 domita,
1276 541 1353 592 quan

230 603 409 666 γινησομένην,
429 621 453 652 ιι.
473 620 498 653 τ.
512 605 535 652 λ.
554 602 622 653 Istud
642 601 673 651 de
694 601 776 651 Cumis
801 610 826 651 et
835 599 899 652 libro
909 602 954 663 tlt,
964 604 1023 665 dli,
1037 601 1244 667 notavimusJam,
1258 610 1350 651 etrus»

230 674 306 725 ltalia
321 675 393 727 aede
406 676 552 728 ilicesrehia
567 675 710 741 (Puteolis),
724 691 775 726 am·
801 691 842 725 sus
851 675 915 727 libro
925 677 978 741 llll,
989 675 1186 738 ll‚notabimus,
1195 691 1347 741 nequaquam

231 749 308 800 babm
317 750 372 816 igne
380 759 497 801 montano
504 749 628 818 perituris,
638 749 774 812 oraculum,
801 751 963 818 astipulantur
973 751 1091 803 historici.
1104 751 1200 801 Scimus
1209 751 1350 817 mmenjaaa

232 824 258 873 in
272 840 299 874 re
312 834 362 875 tum
374 824 467 875 racemi
478 835 561 892 aperte
570 842 668 889 recens,
680 825 776 875 Plutus-¹
803 824 848 876 sub
860 826 944 893 primis
956 825 1142 893 imperatoribus
1153 824 1292 892 superbiam
1300 823 1350 876 tto

231 898 279 949 cbo
290 908 360 950 retus
368 916 419 950 esse
428 900 506 951 vuum
514 900 668 959 miraremur,
677 898 724 950 nisi
730 898 777 949 sci·
802 917 915 963 manem,
928 901 1085 952 affectantem
1098 899 1173 951 totius
1192 898 1259 951 orbis
1273 899 1350 967 impe·

231 989 312 1024 remiss
320 990 418 1040 grauem
426 985 452 1026 et
462 975 693 1043 sapientemrirum,
702 991 775 1041 saepe,
802 976 968 1037 rium,aluisse
978 986 1062 1027 votum
1073 976 1133 1026 illud
1144 975 1262 1040 illamque
1272 989 1349 1040 spem,

232 1057 260 1098 ut
277 1048 390 1114 antiquos
403 1049 547 1117 plerosque,
565 1050 678 1101 acumine
689 1049 776 1100 critico
802 1052 838 1102 ita
846 1061 874 1102 ut
885 1051 989 1102 ewice
999 1051 1075 1102 etatis
1088 1059 1166 1118 poete
1177 1049 1244 1116 pleni
1255 1047 1304 1098 sint
1312 1057 1349 1099 ta-

231 1123 344 1175 caruisse.
365 1122 440 1176 Nobis
458 1125 484 1176 id
502 1126 608 1177 maxime
627 1124 775 1187 notandum,
802 1125 866 1178 libus
881 1126 995 1192 auguriis.
1015 1125 1052 1175 lle
1070 1123 1166 1175 Parthis
1187 1123 1256 1174 enim
1277 1122 1347 1174 ulcia-

232 1213 283 1247 uon
296 1214 380 1249 recens
391 1200 477 1264 modo,
492 1200 534 1251 sed
553 1200 620 1251 baud
631 1199 707 1250 dubie
718 1216 776 1267 pro-
803 1201 885 1254 ceudis
895 1218 957 1269 sepe
971 1201 1021 1268 agit
1036 1200 1166 1259 Horatius,
1181 1214 1261 1266 eoque
1272 1198 1350 1266 respi-

233 1272 317 1323 lanum
330 1274 698 1342 luisseoraculumequomagis
711 1284 778 1343 patet
803 1275 838 1327 cit
858 1265 972 1343 Virgilius
988 1276 1052 1343 ipse,
1076 1273 1133 1325 AEn.
1153 1273 1214 1339 vu,
1234 1276 1301 1339 out,
1325 1283 1350 1324 et

232 1363 305 1413 quam
317 1350 396 1416 graus
408 1351 483 1401 luerit
495 1351 632 1402 animorum
645 1351 777 1402 commotio
804 1350 925 1416 Lucanus,
938 1352 964 1411 1,
979 1355 1026 1402 to:

231 1439 285 1488 quse
304 1440 355 1474 non
367 1426 446 1476 solum
468 1426 625 1487 christianas,
643 1426 778 1477 sedetiam
804 1426 932 1492 Quumque
942 1424 1045 1493 superba
1054 1425 1117 1476 foret
1124 1422 1235 1490 Babylon
1243 1423 1349 1490 spolian-

167 1558 169 1561 v
231 1497 333 1563 gentiles
345 1501 488 1553 excitaverit
499 1501 612 1568 Sibyllas.
805 1500 925 1561 Ausoniis,
1213 1499 1244 1549 da
1256 1498 1352 1567 tropu's

268 1576 323 1625 145.
342 1575 411 1625 Hanc
435 1575 615 1642 praedictionem
637 1575 669 1626 de
691 1576 778 1644 opibus
804 1576 848 1626 ubi
859 1576 899 1626 vix
910 1576 1151 1627 animadvertendum
1164 1572 1289 1640 Babylona
1300 1589 1350 1625 nou

232 1646 293 1697 Asiae
304 1649 469 1711 restituendis,
483 1667 556 1716 quam
567 1651 672 1702 diximus
681 1651 778 1702 nonnisi
803 1651 872 1701 illam
885 1667 935 1702 esse
946 1652 1087 1717 antiquam,
1097 1650 1139 1700 scd
1155 1664 1260 1711 noram,
1274 1649 1351 1700 Ctesi

232 1732 287 1788 post
300 1722 447 1791 direptama
463 1724 579 1776 Romanis
592 1725 675 1776 Asiam
695 1726 779 1777 venire
805 1726 899 1792 phouta
908 1743 995 1794 nempe
1010 1723 1279 1790 Parthorumregiam,
1296 1739 1351 1790 que

233 1796 349 1863 cuiquam
370 1799 475 1866 potuisse
492 1799 519 1849 in
538 1809 661 1862 mentem,
679 1800 779 1866 legimru
806 1799 1182 1867 babylonisnoustatummodo,
1195 1797 1237 1847 scd
1249 1798 1353 1866 etapod

230 1871 282 1936 jam
304 1888 387 1939 supra,
408 1875 450 1924 sod
469 1874 527 1925 hinc
544 1874 654 1943 prolecto
677 1875 779 1926 unusla-
805 1885 889 1942 poetas
904 1892 994 1927 nomen
1005 1882 1183 1941 occupaverat,
1200 1871 1253 1939 ipsa
1265 1888 1351 1938 cugen-

233 1954 294 2010 tam,
306 1947 349 1998 lib.
366 1948 415 2008 111,
427 1952 485 2009 350,
501 1950 622 2017 sqq.‚ubi
635 1950 752 2002 ridenot.
805 1959 830 2000 te
849 1952 922 2001 metri
936 1950 1087 2001 necessitate.
1109 1949 1165 1999 linc
1183 1957 1312 2016 poetam
1326 1957 1352 1999 et

229 2073 231 2077 Α
269 2026 325 2073 161.
345 2021 394 2084 Qui
402 2040 499 2075 versum
509 2024 576 2075 huuc
590 2025 736 2092 sibyllinum
748 2027 780 2076 de
806 2025 872 2090 vulgi
890 2036 946 2077 rota
959 2043 965 2078 :
979 2026 1022 2076 sed
1039 2025 1126 2075 maluit
1139 2039 1224 2091 pacem
1239 2038 1296 2073 cum
1310 2022 1352 2073 illa

233 2095 400 2150 ablutionibus
410 2099 531 2166 judaicis,
550 2117 600 2151 non
614 2101 645 2151 dc
658 2101 779 2168 baptismo
807 2111 880 2166 gente
904 2102 1042 2167 Augustus,
1062 2099 1132 2165 cujus
1157 2113 1305 2148 successores
1327 2097 1354 2148 in

233 2171 365 2223 christiano
378 2174 547 2240 accipiendum
563 2176 730 2235 contendunt,
751 2186 781 2227 ut
805 2176 891 2225 eodem
903 2176 1004 2226 consilio
1013 2182 1156 2224 manserunt
1168 2171 1284 2239 usquead
1293 2175 1352 2223 'lira-

233 2261 283 2311 prae
293 2249 378 2298 ceteris
386 2249 536 2301 doctissimus
547 2248 657 2300 Enaldus
664 2249 715 2312 (hic
723 2250 779 2316 qui-
803 2250 856 2315 jani
866 2260 984 2317 tempora.
995 2249 1076 2313 Quum
1082 2258 1165 2299 umen
1174 2248 1241 2298 circa
1250 2263 1309 2299 aun.
1320 2250 1351 2298 65

233 2319 290 2371 dem
299 2321 390 2387 Essseis,
401 2325 541 2377 ludaeorum
554 2326 659 2387 asseclis,
669 2325 714 2376 ista
725 2324 779 2376 bal·
806 2324 898 2375 bellum
915 2325 988 2375 civile
1007 2325 1072 2374 inter
1090 2323 1194 2374 Parthos
1213 2322 1351 2387 exarsisset,

232 2413 277 2447 nea
290 2398 408 2465 tribuens,
416 2400 516 2451 llissert.
527 2416 580 2467 pag.
590 2403 651 2464 ll),
661 2402 692 2452 ad
700 2401 779 2452 lucem
807 2399 927 2450 Romnum
940 2399 966 2449 in
983 2397 1055 2466 Syria
1071 2399 1170 2465 legatus,
1184 2397 1213 2447 L.
1228 2396 1351 2462 Vitellius,

232 2472 297 2522 ultro
317 2473 411 2525 nictare
431 2475 501 2526 nobis
523 2474 644 2526 ridentur.
667 2475 779 2538 Quonam
805 2492 905 2526 unume
919 2473 1119 2542 competitoribus
1134 2471 1236 2539 adjuvit,
1251 2488 1353 2540 eumque

233 2547 299 2597 enim
317 2565 388 2599 seusu
406 2549 517 2602 additum
536 2560 598 2600 esset
615 2553 671 2602 ὅλον
692 2551 777 2615 δέμας,
806 2547 1353 2615 cumsroboroleqionumetsocioruma(sio

232 2621 279 2671 nisi
297 2623 328 2673 de
349 2624 422 2690 plena
445 2624 599 2674 immersione
622 2625 777 2691 baptismali,
805 2624 916 2689 Tacitus,
930 2625 992 2674 llist.
1010 2623 1058 2687 vl,
1073 2624 1089 2690 s
1103 2626 1150 2688 dl)
1172 2623 1203 2673 ad
1219 2638 1264 2673 sua
1280 2637 1352 2688 regna

232 2696 283 2746 sola
305 2707 364 2748 tunc
382 2698 449 2766 apud
470 2700 535 2749 illius
548 2700 594 2749 eri
613 2699 778 2761 Christianos,
806 2697 1351 2764 redusit3dicerenolumusuinsuareqnas‚

232 2786 283 2820 non
296 2773 361 2837 apud
377 2773 472 2823 luduos
486 2790 582 2839 neque,
596 2773 643 2823 nisi
657 2772 778 2836 fallimur,
806 2774 864 2840 quia
873 2774 1022 2840 Euphratem
1028 2774 1121 2840 injussu
1128 2773 1226 2824 Caesaris
1234 2782 1354 2840 trangre-

231 2846 297 2911 apud
308 2845 408 2911 Eunus,
421 2848 531 2899 usitata?
805 2849 832 2899 di
845 2866 895 2899 nnn
909 2865 981 2899 ausus
993 2859 1039 2899 est.
1054 2848 1154 2899 lliuime
1167 2863 1225 2898 sero
1236 2846 1351 2911 dubium,

807 2922 938 2987 Romanos,
947 2924 974 2974 in
983 2923 1114 2990 Euphratis
1125 2923 1178 2989 ripa
1190 2931 1289 2982 stantes,
1300 2920 1353 2972 obi·

404 2997 442 3050 du
460 3010 563 3050 tuan!
577 2996 606 3048 V.
807 2999 936 3050 tersaltem
944 2998 1069 3063 asstiquam
1080 2997 1204 3064 Babylona
1214 3012 1352 3064 occupasse,

431 3134 443 3147 ⁶
807 3073 884 3123 ruinis
902 3073 952 3139 jam
965 3083 1025 3123 tunc
1040 3072 1162 3139 oppletam
1177 3081 1203 3121 et
1215 3070 1352 3138 paludibus,

268 3150 291 3204 1,
299 3163 351 3215 sqq.
362 3147 488 3201 consentit
499 3149 636 3211 nobiscum,
648 3148 715 3199 haud
722 3164 779 3199 sane
806 3149 890 3215 paucis
902 3148 988 3199 incolis
1003 3163 1032 3197 ac
1046 3147 1167 3214 plerisque
1179 3147 1277 3199 Judseis.
1294 3146 1354 3197 Inde

232 3238 275 3273 suo
288 3238 366 3285 more,
381 3224 420 3274 vir
433 3225 585 3276 doctissimus
597 3224 710 3288 (llissert.
726 3238 778 3290 pag.
805 3223 907 3274 dillusus
922 3240 966 3290 per
982 3222 1133 3273 occidentem
1152 3238 1235 3271 rumor
1254 3229 1279 3271 et
1291 3221 1353 3271 adu·

234 3300 276 3357 st,
295 3314 365 3365 sqq.;
391 3303 432 3358 66,
451 3303 520 3366 sqq.)
544 3299 611 3349 huuc
624 3299 715 3349 librum
733 3297 778 3348 sub
806 3298 898 3348 latione
919 3307 1023 3357 auctus,
1046 3296 1169 3363 babylona
1187 3295 1232 3346 sub
1255 3294 1353 3346 tiberio

233 3371 363 3423 Antoninis
387 3390 437 3423 esse
464 3374 595 3441 scripturn,
620 3381 710 3440 praeter
733 3371 779 3423 hos
806 3383 918 3440 captam,
937 3388 1010 3438 quem
1025 3387 1149 3421 rumorem
1161 3381 1248 3421 auctor
1265 3370 1306 3421 bic
1322 3370 1352 3421 li·

230 3455 310 3497 tamen
319 3449 437 3514 primores
446 3448 475 3498 Ll
484 3450 648 3514 versus,quus
656 3448 779 3515 exceptio-
805 3447 845 3498 bri
861 3447 880 3496 V
895 3448 1007 3512 idemque
1019 3445 1085 3496 tertii
1098 3445 1155 3495 libri
1170 3446 1247 3512 partis
1261 3444 1352 3506 tertia,

231 3520 269 3571 nis
279 3538 377 3579 causam
387 3524 478 3573 nullam
489 3521 562 3573 ailert
570 3523 692 3572 idoneam.
702 3522 779 3572 immo
805 3540 835 3574 es
849 3521 914 3588 vulgi
927 3522 989 3583 fide,
1009 3521 1118 3581 admisit;
1136 3538 1166 3570 ex
1180 3520 1256 3586 ipsius
1272 3529 1353 3570 autem

230 3597 383 3649 manifestum
403 3609 438 3649 est
458 3598 496 3649 his
516 3597 613 3664 rejectis
631 3598 669 3647 rel
692 3613 779 3663 poema
805 3599 860 3657 lide,
868 3598 971 3665 scriptor
983 3597 1057 3647 modo
1070 3596 1158 3646 citatus
1169 3596 1226 3645 libri
1236 3593 1288 3646 111.
1304 3595 1354 3645 tte·

230 3673 330 3722 exordio
350 3673 486 3725 cariturum
507 3673 545 3722 uel
569 3671 697 3722 exordium
720 3689 778 3743 poe·
805 3674 851 3723 lius
870 3674 917 3723 boc
938 3670 1081 3723 vaticinium
1103 3672 1251 3738 productum
1270 3669 1355 3721 fuisset

229 3757 303 3798 mate.
318 3747 388 3810 Quod
402 3749 422 3798 si
437 3749 496 3815 quid
517 3747 666 3798 discriminis
687 3746 779 3812 primos
804 3748 836 3798 ad
848 3747 946 3813 Trajani
963 3757 1089 3813 tempora,
1108 3746 1175 3813 cujus
1195 3746 1221 3796 in
1234 3744 1355 3795 orient·

229 3822 295 3872 inter
310 3832 334 3872 et
345 3833 472 3888 sequentes
488 3839 571 3872 versus
586 3822 779 3872 animadvertere
804 3823 970 3889 expeditiones
980 3822 1093 3871 omnibus
1108 3831 1172 3872 notae
1192 3829 1257 3871 sunt.
1273 3818 1356 3871 Etiam

229 3896 275 3947 sibi
288 3897 353 3946 visus
368 3909 403 3948 est
416 3897 455 3947 vir
470 3899 564 3961 clarus,
574 3898 599 3947 id
613 3897 658 3947 soli
671 3897 778 3946 materie
804 3898 849 3947 sub
863 3897 896 3947 bl.
910 3896 1009 3947 Aurelio
1023 3898 1121 3962 ejusque
1137 3896 1213 3947 fratre
1229 3895 1258 3945 L.
1274 3894 1355 3956 Vero,

229 3971 395 4022 tribuendum.
414 3972 475 4022 Nam
489 3988 565 4038 usque
579 3973 611 4022 ad
626 3974 657 4023 52
677 3971 777 4021 modes-
802 3972 903 4022 Avidius
914 3971 1009 4021 Cassius
1020 3970 1078 4020 Veri
1090 3969 1203 4038 arupiciis
1216 3969 1355 4020 Seleuciam

193 4072 195 4077 ⁴
231 4047 278 4096 tius
287 4064 316 4097 ac
324 4047 400 4098 tutius
412 4047 502 4098 incedit
514 4056 586 4114 poeta
595 4057 687 4104 noster,
700 4046 776 4097 bisto-
801 4056 827 4098 et
841 4046 998 4113 Ctesiphonta
1012 4047 1095 4112 cepit,
1109 4046 1191 4096 ambas
1204 4045 1356 4095 Parthorum

132 4123 135 4129 ’
229 4123 271 4171 riae
289 4133 405 4188 tanquam
418 4121 569 4173 adminiculo
587 4132 676 4173 utens:
692 4130 777 4188 postea
803 4122 879 4188 regias
898 4138 903 4169 :
924 4121 969 4170 ilio
989 4119 1082 4182 Lxxt,
1103 4121 1157 4186 32.
1183 4120 1219 4169 lle
1239 4119 1356 4186 Septimii

229 4197 272 4247 illo
285 4198 414 4248 deficiente
425 4197 513 4255 fulcro,
534 4197 650 4246 audacter
662 4195 725 4246 sein
739 4196 777 4246 lu·
804 4196 886 4248 Severi
900 4195 1022 4257 uictoriis,
1037 4211 1097 4261 quas
1110 4195 1197 4246 Noster
1210 4210 1358 4260 cognoscere

229 4280 310 4321 turum
327 4273 454 4340 conjiciet,
473 4289 536 4322 caeco
548 4271 632 4322 similis
645 4270 688 4335 qui
701 4270 776 4322 bacu-
804 4287 853 4321 non
866 4271 961 4338 potuit,
989 4271 1056 4336 loqui
1082 4286 1148 4320 nunc
1171 4286 1357 4337 praeproperum

230 4345 281 4394 lum
294 4347 434 4412 projecerit.
805 4357 874 4398 esset.

264 4424 305 4470 tt.
327 4422 416 4488 inepte
429 4422 468 4473 isti
479 4423 644 4474 Romanorum
650 4421 777 4486 iactationi
840 4425 880 4473 at.
905 4421 938 4473 Dc
958 4421 1049 4472 isthmo
1072 4420 1200 4472 Corinthio
1222 4437 1237 4471 a
1259 4420 1359 4472 Nerone

515 4800 517 4804 ’
580 4854 768 4960 Α
