3186 5310
400 430 683 495 srertnmoauu
705 431 778 514 un
800 432 880 512 vrri,
902 429 921 512 a
943 432 963 494 a
982 431 1083 512 (ixa).
1255 435 1315 497 aaa

194 576 257 642 285
281 579 362 660 Quae
378 577 497 641 formas
515 575 616 665 gignit
628 574 722 662 ratio,
738 573 853 665 cuique
864 574 974 640 omnia
986 586 1110 665 parent.

280 685 389 767 Quum
406 684 501 749 vitam
521 682 648 749 dederit
661 682 790 762 functis,
807 682 960 773 aegrisque
975 684 1121 766 salutem,

281 794 320 856 In
335 815 431 856 saevas
446 790 619 880 aliquando
637 815 750 856 manus
770 814 807 855 ac
827 791 897 879 lege
910 806 1056 858 carentes

281 897 415 964 Incidet.
436 900 501 963 Ora
519 898 576 964 Dei
591 897 734 988 colaphis
751 898 918 977 ferientur,
940 915 974 964 et
988 898 1042 964 olli

280 1006 379 1095 Sputa
392 1007 555 1071 venenatis
574 1023 745 1096 aspergent
758 1005 857 1096 impia
871 1005 982 1071 labris.

192 1135 255 1201 290
280 1116 352 1204 lpse
371 1114 461 1179 dabit
474 1090 576 1204 plagis
591 1131 737 1178 sanctum
750 1113 818 1178 sine
830 1113 972 1202 tegmine
989 1136 1122 1202 corpusa

279 1222 398 1288 Tradet
412 1222 567 1310 virgineas
581 1221 614 1285 in
630 1220 740 1286 mnndi
757 1220 929 1311 opprobria
953 1245 1080 1305 carnes,

279 1331 388 1420 Osque
405 1329 500 1396 silens
516 1329 671 1419 colaphis,
689 1354 731 1394 ne
745 1329 817 1419 quis
830 1329 908 1395 sciat
920 1329 1017 1408 unde,
1039 1330 1088 1394 vel
1104 1353 1215 1418 aquo,

280 1436 399 1519 Quisve
415 1435 468 1514 sit,
484 1436 525 1501 ad
541 1437 665 1526 gelidos
679 1453 810 1526 portans
825 1438 911 1502 bona
927 1435 1039 1503 nuntia
1056 1460 1176 1502 manes,

277 1545 424 1608 Intexent
441 1544 495 1608 olli
511 1543 609 1634 spinis
627 1543 775 1609 diadema
793 1545 954 1611 cruentis:

188 1650 252 1737 295
278 1652 305 1715 E
322 1651 420 1741 spinis
438 1669 555 1716 aetema
572 1668 680 1717 manet
696 1676 772 1717 nam
787 1653 895 1717 laurea
905 1653 1021 1737 justos.

279 1760 320 1823 Et
339 1759 462 1824 calamo
480 1758 604 1824 fodient
623 1776 741 1842 costas,
760 1759 933 1825 formidine
947 1760 1047 1849 legis:

276 1866 421 1957 Namque
435 1890 546 1957 graves
561 1867 742 1933 animorum
762 1885 867 1945 aestus,
886 1866 1026 1931 vindicta
1044 1867 1209 1957 furorque,

277 1975 320 2037 Ut
336 1974 449 2040 calami
464 1991 585 2039 temere
603 1974 745 2065 impulsi,
764 1975 955 2064 plerumque
973 1991 1153 2040 moventur.

277 2081 341 2171 Ipsi
356 2080 431 2146 dein
446 2082 548 2172 passis
567 2083 700 2147 metanti
719 2099 833 2147 cuncta
846 2082 982 2166 lacertis,

186 2188 253 2254 300
276 2188 363 2254 Felle
377 2188 490 2274 fames,
506 2189 573 2255 acri
590 2189 658 2254 sitis
673 2189 827 2254 illudetur
842 2207 954 2255 aceto:

277 2296 406 2362 Scilicet
420 2298 503 2362 hanc
522 2313 662 2387 apponet
677 2296 706 2362 ei
723 2320 801 2386 gens
819 2298 944 2386 hospita
961 2321 1119 2364 mensam.

321 2405 433 2487 Quum
445 2429 522 2471 vero
538 2403 657 2469 fuerint
671 2420 759 2493 gesta
778 2403 896 2484 omnia,
912 2404 1053 2470 carmine
1066 2429 1136 2494 quae
1149 2421 1222 2471 sunt

275 2511 368 2577 Dicta
384 2512 474 2590 mihi,
495 2512 626 2577 tumlex
643 2511 746 2577 omnis
765 2512 906 2577 solvetur
924 2511 956 2577 in
975 2512 1042 2592 illo,

276 2622 359 2710 Apta
377 2620 450 2685 rudi
465 2619 628 2709 quondam
645 2619 749 2684 bremt
763 2643 833 2708 quae
846 2619 963 2685 tradita
977 2619 1075 2709 genti.

185 2727 253 2793 305
277 2727 447 2793 Scindetur
462 2728 574 2818 templi
591 2727 708 2808 velum,
727 2743 769 2813 et,
789 2726 937 2791 mirabile
953 2727 1058 2792 dictul

275 2836 349 2901 Nox
364 2834 506 2901 medium
524 2851 648 2924 premet
659 2851 727 2899 atra
739 2833 825 2900 diem
839 2849 904 2899 tres
917 2834 1066 2925 protinus
1080 2835 1190 2900 horas.

273 2941 325 3008 Sic
336 2942 448 3033 templi
463 2959 495 3007 et
509 2943 588 3032 legis
606 2944 768 3026 tenebras,
782 2958 952 3031 postquam
970 2942 1092 3008 arbiter
1108 2941 1177 3030 ipse

271 3051 403 3116 Venerit
420 3067 568 3134 aetemus,
586 3074 654 3115 non
671 3049 810 3139 amplius
829 3072 897 3114 esse
915 3049 1079 3131 colendas,

180 3188 194 3199 ·
269 3157 352 3222 Caeci
367 3158 515 3222 homines
530 3156 636 3222 subita
649 3155 761 3222 mundi
774 3155 909 3245 caligine
922 3155 1060 3221 discent.

181 3263 248 3332 310
270 3264 329 3330 Ille
343 3267 465 3330 bonam
482 3265 598 3331 sanctis
611 3289 700 3354 spem
715 3281 848 3355 portans
863 3263 1026 3346 omnibus,
1043 3265 1165 3330 Orcum

123 3558 135 3577 0
177 3507 284 3576 gaudere
304 3510 449 3578 Sibyllistas,
471 3522 498 3563 ut
515 3513 655 3577 ἁνάσταμα,
674 3513 725 3562 διά·
759 3511 838 3579 ipsum
861 3519 885 3563 et
905 3510 1029 3577 sequentis
1050 3521 1145 3578 partem
1167 3509 1251 3571 babet,
1267 3508 1309 3574 tv,

177 3589 255 3651 θημα,
269 3596 316 3637 etc.
334 3587 394 3638 Dein
407 3597 456 3638 tres
468 3587 610 3655 legebantur
621 3604 725 3639 versusa
759 3605 814 3656 cap.
833 3592 871 3648 ll,
888 3586 923 3638 ita
943 3588 1042 3653 legens:
1062 3588 1120 3638 ’All'
1136 3590 1179 3638 ὅτε
1198 3586 1269 3638 ταῦτ’
1280 3585 1310 3640 ἂν

176 3659 248 3712 nobis
255 3663 341 3729 rejecti
354 3663 427 3725 inira,
442 3666 561 3716 ³02-304.
759 3665 869 3724 ἅπαντα,
881 3682 906 3714 κ.
920 3681 942 3712 τ.
957 3666 979 3713 λ.

210 3738 268 3790 299.
286 3739 367 3791 Vertit
382 3740 449 3790 hunc
471 3741 548 3791 latine
567 3741 723 3799 bacuntius,
793 3743 851 3791 ³02.
871 3739 991 3790 Recurret
1004 3739 1047 3789 hic
1066 3755 1116 3790 non
1138 3739 1212 3789 semel
1232 3737 1259 3788 in
1272 3739 1310 3789 nl·

175 3810 219 3874 IV,
234 3817 266 3865 26
280 3830 287 3864 z
303 3816 441 3867 uExtendit
452 3832 508 3882 ergo
517 3817 544 3866 in
556 3816 666 3884 passione
675 3832 724 3866 ma·
759 3816 825 3867 timis
836 3815 906 3867 libris
918 3815 1032 3866 ill-XIV.

177 3905 323 3956 «nussum,
337 3893 470 3959 orbemque
483 3892 662 3943 dimensusest.
678 3914 690 3937 υ
794 3897 850 3946 303.
869 3893 923 3943 Non
951 3892 1129 3960 comparandus
1157 3893 1200 3944 hic
1227 3909 1310 3944 versus

211 3971 270 4021 999.
289 3969 357 4020 Lact.
369 3969 540 4036 huncquoque
550 3969 726 4035 consequenti
759 3987 815 4020 eum
832 3969 852 4029 l,
869 3974 927 4028 tat,
942 3979 985 4019 aut
999 3986 1056 4019 eum
1073 3969 1160 4019 llattb.
1177 3974 1202 4029 l,
1216 3987 1241 4020 v.
1259 3972 1308 4022 ll:

174 4039 246 4103 citat,
259 4044 303 4095 lib.
316 4044 357 4104 tv,
368 4061 423 4112 cap.
438 4048 476 4105 tt,
492 4046 533 4095 sed
547 4062 591 4113 pro
606 4046 648 4096 καὶ
662 4047 724 4098 πιεῖν
759 4062 842 4096 sensus
853 4045 918 4095 eninr
931 4044 1115 4095 diversissimus.

173 4117 250 4172 habet
264 4122 306 4173 sul
318 4122 342 4178 ἐς
354 4122 435 4185 δίψαν.
794 4125 851 4172 905.
871 4121 948 4171 codd.
963 4126 1024 4171 ναοῦ
1047 4123 1137 4188 σχισθῆ
1152 4123 1309 4175 aasentias·

210 4199 267 4247 991.
288 4197 365 4247 Codd.
388 4197 513 4265 plerique,
533 4199 577 4258 τῆς
591 4197 617 4247 δὲ
635 4200 725 4263 palcis·
760 4215 804 4262 μα,
819 4196 862 4246 alii
872 4195 933 4247 ναοῦ
944 4214 971 4249 τι
981 4200 1073 4263 opst„
1083 4197 1125 4247 sed
1137 4215 1221 4249 omnes
1232 4216 1309 4251 κατα·

172 4270 237 4337 νέης,
251 4271 344 4324 ironice
358 4290 404 4324 nec
416 4275 479 4324 male
493 4293 499 4326 :
512 4274 555 4323 sed
573 4273 642 4325 Lact.
668 4291 724 4325 cum
758 4272 1073 4344 attacus:taet.'utnos.

172 4346 244 4399 novis
256 4347 328 4398 codd.
344 4359 372 4400 ut
384 4367 437 4402 nos.
792 4351 848 4399 aot.
869 4347 997 4399 ltedundar
1018 4350 1123 4401 alterum
1143 4367 1180 4410 τε,
1206 4361 1232 4402 ut
1249 4351 1310 4402 alias

208 4425 266 4483 802,
281 4438 335 4490 sqq.
346 4423 437 4475 'l'reehi
446 4441 536 4483 versus,
549 4426 671 4487 aot-tot,
681 4425 723 4492 qui
757 4441 808 4475 non
817 4425 890 4474 semel
904 4424 930 4473 in
945 4423 1080 4491 Sibyllinis.

171 4497 233 4549 clim
243 4509 298 4567 post
306 4503 355 4550 299
363 4500 515 4567 legebantur,
523 4500 573 4552 huc
582 4501 724 4552 retrahendi
793 4504 849 4552 999.
868 4501 906 4550 An
916 4501 999 4566 potius
1007 4503 1203 4569 κικαλυμμένῳὲ
1214 4501 1263 4554 Sed
1273 4503 1310 4555 la·

171 4572 245 4625 nobis
262 4573 360 4627 lucrm
376 4591 459 4628 tensus
472 4593 551 4630 musa.
569 4577 638 4629 Luct.
658 4577 725 4627 hunc
758 4577 807 4627 cile
818 4587 855 4627 est
868 4575 998 4642 ἄνθρωπον
1012 4579 1050 4647 uel
1064 4579 1117 4630 τινά
1125 4580 1246 4646 supplere.
