3186 5310
640 426 690 486 AD
711 427 855 488 LIBRUM
877 429 954 488 11111.
1301 429 1360 488 399

237 555 616 621 aGrecisseorsumhabitantes,
630 570 724 627 partem
733 560 784 611 lere
816 562 866 628 lege
889 571 913 612 et
938 562 985 612 hoe
1011 563 1090 629 pretio
1105 561 1185 629 potuit
1201 560 1270 627 quies
1294 559 1360 610 inter

237 630 334 681 tertiam
350 633 453 700 ingentis
472 635 537 685 illius
552 635 619 685 urbis
640 636 781 686 obtinuisse.
815 636 911 687 Judaeos
931 647 957 688 et
978 638 1154 688 Alexandrinos
1173 637 1198 688 in
1215 634 1360 704 prescriptis

236 705 411 760 Gravissimum
426 712 451 761 in
469 712 516 763 hac
537 730 563 762 re
579 712 660 763 Nostri
674 713 784 764 testimo·
816 714 914 780 utrique
927 714 993 780 genti
1003 715 1120 764 limitibus
1128 713 1257 764 contineri.
1272 711 1319 762 Sed
1328 727 1360 760 ne

236 781 320 847 nium,
340 786 383 851 qui
400 788 529 839 turbarum
549 790 616 839 testis
638 799 662 838 et
685 788 784 838 tortasse
816 786 1361 855 hocquidemsatislucit.Qttantumenimboc

236 861 358 929 particeps
374 863 428 915 tuit.
446 865 523 915 Causa
538 866 664 916 discordie
685 867 782 932 ignota,
815 866 913 916 distata
928 868 1044 933 promissa
1057 866 1146 916 iudeis
1160 866 1204 916 s'ub
1218 865 1308 914 llessie
1321 880 1360 912 re·

237 951 282 985 nec
296 946 376 987 tamen
387 939 457 1006 longe
467 942 597 1005 quaerenda
615 958 621 990 ε
636 941 706 991 144114
718 940 783 991 enim
814 955 861 1005 gno
875 940 991 991 lelicitate
1005 951 1029 991 et
1045 941 1200 1008 propaganda
1214 956 1256 1006 per
1275 953 1358 986 omnes

236 1026 266 1060 ev
273 1011 360 1078 jurgiis
376 1014 440 1065 iuter
454 1017 546 1066 vicinos
564 1033 608 1066 nec
631 1019 715 1066 eadem
729 1033 783 1066 seu·
815 1025 891 1065 terras
902 1033 993 1083 perque
1002 1034 1073 1066 omne
1085 1033 1162 1066 evirm
1176 1014 1358 1065 dominatione?

237 1086 325 1137 tientes
343 1092 463 1140 consuetis
488 1092 547 1141 oriri
569 1093 657 1158 potuit,
676 1103 782 1157 strepera
815 1090 934 1157 Anigitur
945 1092 1035 1142 oblitus
1044 1101 1079 1142 est
1089 1091 1211 1157 Sibyllista
1222 1088 1358 1157 prophetia-

236 1159 342 1225 primum
370 1165 499 1222 conviciis,
521 1166 608 1216 deinde
630 1167 782 1232 provocatio·
814 1183 868 1215 rum
887 1167 983 1217 illarum
1004 1167 1225 1233 arttiquissimurum
1246 1181 1274 1213 ac
1288 1179 1358 1229 pene

237 1234 318 1288 uibus.
341 1239 425 1288 Totius
451 1257 507 1290 vero
528 1242 652 1292 seditionis
676 1242 781 1308 cognitio
815 1241 919 1293 Hebraeo
936 1244 1001 1309 genti
1016 1235 1168 1293 coaevarum?
1182 1241 1280 1291 llinime
1295 1256 1301 1290 :
1316 1239 1358 1289 sed

235 1320 260 1360 et
271 1312 341 1377 plena
351 1315 420 1380 quasi
430 1315 529 1366 historia
543 1334 571 1366 ex
587 1317 707 1384 Sibyllina
720 1318 781 1367 vati·
814 1325 941 1381 postquam
964 1317 1152 1368 Alexandrinam
1166 1317 1236 1366 istam
1255 1314 1358 1386 felicita·

235 1385 358 1439 cinatione
370 1391 428 1439 duci
444 1402 530 1458 potest.
554 1392 663 1442 Primum
680 1394 782 1459 jactatio
814 1400 863 1440 tem
886 1409 930 1457 per
946 1403 1042 1459 tempus
1063 1392 1218 1443 indefinitum
1232 1389 1356 1457 produxit,

235 1466 519 1533 taxaturAEgyptiorum,
529 1471 576 1518 334
590 1470 702 1534 :Karpia
713 1469 733 1518 δ’
741 1470 781 1518 lo·
813 1470 923 1534 pervenit
937 1471 1034 1520 tandem
1049 1471 1078 1521 ed
1093 1469 1178 1519 ultima
1191 1478 1300 1533 tempora
1315 1481 1357 1515 seu

235 1555 285 1598 ται,
301 1558 325 1589 κ.
340 1558 363 1590 τ.
377 1546 399 1593 l.
415 1543 493 1593 iudei
508 1553 587 1594 tamen
606 1545 711 1611 eprimo
722 1561 781 1593 eou-
812 1559 895 1593 rerum
910 1544 991 1603 finem,
1009 1562 1083 1610 quam
1094 1545 1193 1610 figurate
1203 1559 1303 1593 messem
1315 1557 1357 1590 vo·

234 1613 303 1664 Dictu
315 1617 450 1684 superiores
463 1620 578 1680 evadunt,
590 1636 677 1685 magno
689 1619 780 1671 civium
812 1629 852 1668 cat
864 1619 1001 1683 hominum,
1016 1622 1085 1688 θέρος
1095 1620 1210 1687 μερόπων
1220 1618 1356 1685 ἀνθρώπων

235 1698 343 1753 terrore,
366 1709 471 1758 quorum
492 1695 562 1744 multi
589 1712 639 1745 non
663 1712 693 1744 ex
720 1696 781 1745 urbe
813 1693 862 1753 (sic
875 1694 949 1744 etiam
960 1695 1023 1745 libro
1033 1695 1066 1754 ll,
1081 1697 1153 1758 164),
1168 1702 1193 1744 et
1202 1703 1263 1755 tum,
1274 1689 1352 1750 lacta,

235 1773 343 1825 tantum,
358 1769 399 1820 sed
414 1769 487 1819 etiam
499 1786 529 1818 ex
541 1769 663 1820 suburbiis
676 1779 701 1819 et
713 1771 780 1835 adja·
812 1777 838 1817 ut
849 1768 954 1829 videtur,
969 1771 1078 1819 omnium
1092 1786 1173 1820 rerum
1186 1768 1353 1826 conversione,

162 1883 167 1891 .
235 1842 300 1891 eeuti
321 1844 418 1909 regione
438 1846 464 1894 in
484 1861 553 1910 agros
573 1847 716 1912 longinquos
734 1864 778 1896 au·
812 1845 961 1911 mortuisque
973 1847 1002 1895 ad
1018 1847 1096 1895 lucem
1107 1844 1298 1907 revocatislhoc
1306 1843 1354 1892 mi·

236 1916 348 1982 lugiunt,
363 1923 421 1983 331,
441 1937 494 1987 sqq.
511 1921 566 1970 llos
584 1922 659 1971 iidem
676 1923 779 1973 redeunt
812 1936 857 1969 nus
877 1921 936 1971 dicit
953 1937 1026 1986 quam
1045 1920 1148 1987 innuit),
1171 1920 1279 1972 Hebraeis
1291 1934 1354 1969 nora

235 2008 337 2043 numero
351 2004 375 2044 et
392 1997 466 2045 armis
486 1997 623 2055 validiores,
645 2001 709 2057 3393
735 1997 778 2047 lu·
812 1994 859 2046 lata
868 1998 972 2056 orditur,
986 1998 1026 2047 rix
1040 1999 1157 2047 audemus
1166 1997 1247 2046 dicere
1257 1993 1354 2044 Messia-

235 2067 298 2118 daeos
311 2071 420 2133 caedunt,
437 2080 461 2120 ot
475 2088 550 2136 usque
570 2073 601 2122 ad
618 2089 684 2122 mare
698 2089 779 2140 perse·
812 2073 877 2127 nica.
893 2083 972 2122 tamen
987 2073 1076 2123 llessiae
1086 2089 1159 2138 regno
1170 2073 1266 2131 similia,
1274 2073 1356 2136 quau·

235 2154 355 2208 quuntur,
371 2149 429 2206 310,
445 2163 497 2213 sqq.
509 2148 579 2197 llulti
604 2165 634 2197 ex
661 2149 778 2198 Hebraico
810 2165 884 2214 quam
900 2149 951 2200 sine
967 2150 1056 2200 llessiae
1070 2149 1202 2199 mentione.
1219 2148 1354 2198 Fatendum

234 2229 305 2284 gente
321 2220 378 2271 litus
395 2221 468 2271 marm
483 2224 547 2273 circa
562 2223 659 2274 Pharon
675 2225 778 2274 insulam
810 2225 902 2292 quippe
925 2226 1014 2277 llessioe
1032 2225 1107 2292 ipsius
1128 2224 1275 2275 mentionem
1297 2239 1355 2273 nus·

235 2298 378 2363 corporibus
385 2299 433 2347 suis
443 2298 569 2364 obtegunt,
582 2303 640 2360 344,
655 2317 706 2366 sqq.
718 2302 779 2350 Ara-
810 2316 883 2365 quam
896 2303 961 2367 apud
981 2302 1096 2351 Nostrum
1112 2300 1174 2360 lteri,
1194 2300 1274 2349 ultimi
1294 2299 1351 2351 licet

235 2371 278 2422 bas
309 2373 363 2423 illos
386 2385 457 2425 vocat
478 2376 573 2435 Noster,
601 2380 660 2439 341,
686 2377 779 2444 quippe
810 2376 859 2425 duo
869 2379 991 2427 versusita
1003 2378 1200 2443 deludeagente
1211 2384 1291 2442 agant,
1300 2385 1353 2426 tan·

189 2475 192 2481 ·
235 2448 338 2500 Semitas
350 2461 374 2501 et
384 2452 505 2501 Arabibus
519 2469 672 2518 congeneret,
693 2470 779 2519 agnos·
810 2452 1024 2517 quamdeblessie
1044 2452 1273 2519 regnosinellessia
1287 2468 1351 2518 rege.

235 2526 324 2575 cendos
334 2527 371 2576 vel
383 2527 457 2576 rutilo
466 2544 590 2577 comarum
599 2529 693 2587 colore,
706 2530 778 2585 ξανθὰ
811 2526 916 2578 1144444414
929 2530 996 2578 euim
1012 2543 1019 2577 τ
1031 2529 1081 2579 Kal
1096 2529 1153 2578 τότε
1162 2527 1182 2577 δ’
1190 2529 1263 2592 ἁγνὸν
1274 2525 1352 2586 ἔθνος,

220 2601 341 2666 ‘acapnum
358 2606 415 2653 346.
431 2602 470 2653 Fit
482 2603 587 2669 denique
599 2621 661 2670 pax,
678 2604 726 2655 icto
737 2607 779 2657 loe·
810 2620 860 2653 non
874 2605 947 2667 ἁγνὸς
957 2604 1032 2666 ἄναξ,
1053 2614 1080 2654 ut
1094 2604 1156 2653 liber
1169 2602 1236 2659 11111,
1255 2606 1312 2664 tot),
1328 2612 1352 2652 et

235 2677 292 2727 dere
308 2679 334 2727 iu
353 2680 441 2740 insula,
461 2681 545 2744 eadem
560 2680 669 2731 videlicet
687 2681 776 2743 Pharo,
811 2678 854 2739 lll,
872 2684 911 2738 49,
925 2696 1029 2746 quorum
1048 2697 1078 2729 ea
1096 2677 1214 2729 alterittro
1226 2679 1293 2729 locus
1313 2678 1354 2728 hic

236 2754 294 2812 348,
303 2769 356 2819 sqq.
370 2771 375 2804 ι
390 2757 455 2804 unde
463 2756 596 2806 renascitur
604 2758 778 2819 concordia‚et
811 2755 901 2820 petitus
913 2766 958 2817 est,
975 2756 1053 2821 palam
1065 2755 1139 2822 igitur
1153 2772 1182 2805 ea
1198 2753 1316 2804 industria
1329 2769 1355 2803 e·

234 2844 264 2876 ex
278 2830 408 2879 eoncordia
421 2840 477 2880 etas
489 2832 599 2897 quedam
614 2848 696 2894 aurea,
708 2835 778 2900 juxta
810 2833 944 2882 mendatus.
955 2832 1063 2882 Deinde:
1078 2833 1165 2890 Πάσης
1178 2832 1223 2895 γῆς
1238 2832 1354 2896 σκῆπτρα

234 2913 362 2968 poetarum
388 2906 494 2956 indolem
509 2909 573 2957 ultra
589 2909 688 2958 modum
703 2921 779 2962 etve-
810 2911 931 2974 κρατήσει
947 2926 953 2957 :
971 2907 1043 2958 verba
1064 2908 1116 2958 bec
1135 2908 1185 2974 ipsa
1204 2915 1261 2956 sunt
1276 2905 1353 2956 libro-

235 2980 333 3029 ritatem
347 2991 418 3031 aucta
432 2997 438 3031 :
451 2983 505 3031 ride
516 2993 567 3033 not.
582 3000 619 3049 sq.
811 3000 866 3033 rum
874 2982 928 3033 Vlll
939 2992 962 3032 et
971 2983 1014 3046 111,
1022 2982 1082 3033 ibid.
1092 2982 1184 3033 Deinde
1196 3001 1201 3031 ε
1211 2983 1252 3038 Εἷς
1261 2983 1352 3038 αἰῶνας

269 3061 327 3120 351,
340 3057 469 3122 sqq.lnter
478 3059 536 3107 duas
545 3070 627 3124 gentes
636 3060 698 3110 odiis
707 3062 779 3111 modo
811 3060 930 3116 ἅπαντας,
947 3059 994 3108 boc
1010 3059 1083 3108 etiam
1106 3057 1132 3107 in
1150 3067 1254 3121 utroque
1271 3056 1354 3107 libro:

234 3146 310 3195 usque
330 3133 361 3181 ad
380 3149 446 3182 arma
463 3143 486 3182 et
502 3151 607 3200 pugnam
629 3135 723 3192 divisos,
740 3138 779 3186 vix
811 3135 852 3183 sed
867 3132 892 3182 in
906 3143 993 3183 neutro
1007 3133 1115 3183 additum
1133 3133 1198 3199 quod
1218 3132 1258 3181 bic
1271 3130 1353 3197 sequi·

234 3207 361 3256 admiseris
381 3217 489 3268 tantam,
505 3220 596 3274 quanta
610 3228 676 3261 nunc
693 3213 780 3261 descri-
811 3220 852 3260 tur
869 3227 874 3258 :
892 3209 947 3274 “Ap’
960 3210 1080 3274 ἰφθίμοισι
1097 3207 1206 3259 cossim.
1227 3207 1289 3268 Quid
1307 3206 1355 3256 sibi

234 3281 312 3340 bitur,
332 3285 487 3334 concordiam
504 3302 705 3352 communemque
723 3287 780 3337 inde
811 3287 864 3336 vult
873 3283 1191 3336 bocadditementumlnisi
1199 3292 1354 3349 regnaturam

234 3357 384 3408 felicitatem.
400 3359 517 3410 Detractis
529 3361 602 3426 igitur
614 3378 643 3411 ex
658 3362 779 3429 hyperbo·
811 3362 906 3413 felicem
919 3372 1022 3427 gentem,
1035 3361 1088 3411 sine
1100 3377 1164 3426 rege,
1179 3361 1255 3426 ipsam
1264 3360 1301 3409 sui
1314 3376 1353 3408 ar-

234 3433 281 3483 1144
292 3435 517 3503 descriptioneque
528 3436 602 3486 nimia
617 3448 707 3488 suntet
721 3455 778 3505 poe·
812 3438 910 3495 bitrem.
923 3435 1063 3503 nequealiis
1075 3445 1200 3502 parentem
1217 3434 1352 3484 rectoribus

235 3508 281 3558 tice
294 3511 441 3571 redundant,
459 3523 542 3575 restat,
555 3515 689 3564 secundum
700 3514 780 3582 Sibyl·
811 3530 884 3579 quam
894 3509 1036 3580 patriarchis
1049 3513 1098 3562 suis
1111 3528 1118 3562 ε
1130 3512 1276 3578 quibusnam
1286 3511 1353 3561 illis?

234 3586 310 3635 linem
331 3586 523 3652 praedictionem,
549 3590 726 3640 Alexandrinos
755 3601 779 3641 et
812 3589 857 3639 nisi
878 3589 1100 3655 antiquissimorum
1123 3598 1262 3654 temporum
1280 3587 1350 3636 duci·

233 3660 328 3712 ludaeos
342 3663 457 3712 continua
472 3664 536 3713 inter
547 3682 572 3715 se
581 3666 663 3731 quiete
677 3676 700 3716 et
712 3683 780 3717 secu·
811 3664 867 3726 bus,
884 3664 1023 3714 Abrahamo
1038 3663 1157 3721 videlicet,
1173 3662 1232 3712 llosi
1251 3662 1354 3727 aliisque

234 3736 307 3786 ritate
319 3737 444 3789 fruituros.
461 3737 531 3798 Quod
545 3740 624 3807 ipsum
638 3742 778 3808 vixmpias,
812 3739 939 3790 redivivis?
961 3739 1023 3789 Sane
1044 3738 1095 3788 lure
1118 3737 1199 3788 omnia
1216 3754 1230 3788 a
1250 3737 1355 3803 vulgatis

234 3813 328 3870 uisi,in
337 3814 460 3862 communi
471 3815 528 3865 licet
539 3817 610 3876 urbe,
624 3818 717 3867 clausos
726 3818 780 3869 illos
811 3817 884 3866 etiam
906 3832 973 3865 nunc
997 3816 1062 3882 apud
1081 3814 1175 3865 ludaeos
1199 3813 1354 3881 opinionibus

234 3886 297 3937 intra
323 3904 348 3937 se
370 3887 444 3953 fingas
462 3899 487 3939 et
507 3907 521 3939 a
540 3891 625 3941 vicinis
647 3903 777 3958 separatos.
811 3891 926 3942 secedunt
940 3889 1305 3956 :sedveleaipsanobiscausa
1319 3899 1354 3939 est

234 3961 317 4012 Potuit
329 3963 382 4013 haec
401 3979 451 4013 esse
471 3965 568 4016 sederis
582 3967 698 4026 conditio,
717 3969 780 4019 sicut
811 3985 856 4018 cur
867 3966 957 4016 diutius
968 3965 1005 4015 bis
1015 3965 1180 4015 immoremur.
1194 3965 1306 4032 Namper
1315 3974 1353 4016 to·

234 4048 286 4088 toto
305 4040 385 4089 medio
399 4056 449 4089 sevo
462 4041 567 4090 maxima
577 4059 679 4107 queque
695 4043 780 4096 civitas
813 4053 861 4092 tam
888 4043 951 4092 banc
976 4041 1091 4092 carminis
1113 4041 1184 4107 huius
1202 4042 1351 4108 pericopen,

234 4113 316 4180 plures
328 4115 468 4165 continebat
480 4126 562 4181 gentes
573 4118 716 4183 interseptas
725 4136 779 4168 mu·
812 4118 936 4168 brevitatis
950 4117 1050 4166 fortasse
1064 4133 1144 4175 causa,
1159 4127 1225 4166 certe
1237 4117 1297 4166 lucis
1311 4118 1353 4167 de-

233 4190 275 4246 ris,
291 4191 381 4256 apertis
394 4192 509 4250 interdiu,
524 4202 599 4241 noctu
609 4193 705 4256 clausis,
721 4211 780 4259 qua·
811 4194 939 4252 trimento,
959 4194 1085 4243 decurtata
1107 4192 1201 4252 omnis,
1226 4201 1352 4256 truncata,

234 4265 265 4314 lia
280 4266 425 4332 'etiamnum
445 4277 540 4318 exstant
560 4268 585 4317 in
610 4269 780 4321 Constantino·
811 4270 906 4332 mutila,
925 4285 1007 4318 secum
1017 4269 1116 4318 minime
1128 4268 1259 4327 coherent,
1275 4283 1356 4334 neque

233 4345 317 4411 poleos
339 4346 461 4395 suburbiis
486 4347 573 4398 turrita
599 4348 779 4406 moeuia,semi·
812 4347 862 4396 ullo
882 4346 964 4404 modo,
980 4345 1104 4411 sisingula
1122 4354 1266 4408 urgeantur,
1280 4361 1355 4411 expe·

233 4430 288 4469 ruta
314 4437 408 4486 risitque
436 4440 520 4480 vacua,
541 4424 629 4490 quibus
653 4423 712 4472 olim
734 4424 778 4474 Ge.-
811 4422 858 4472 diri
873 4430 981 4488 possunt.
998 4421 1079 4470 Satius
1095 4435 1219 4484 ergocum
1229 4420 1354 4486 Sibyllista

235 4511 334 4544 utimum
358 4507 382 4544 ct
410 4495 490 4547 Pisani
515 4498 697 4566 separabantur.
728 4500 779 4549 1144
810 4515 860 4548 non
881 4497 1002 4556 cavillam
1028 4498 1070 4546 sed
1094 4495 1206 4553 credere,
1231 4497 1297 4561 quod
1312 4512 1357 4545 uos
