3186 5310
506 440 680 503 artotttnss
700 439 908 500 PRAEFATIO.
1228 441 1264 500 Π

152 574 385 640 resurrectione
406 574 576 640 amortuis
589 590 662 665 post
677 572 832 650 triduum,
847 571 887 636 de
908 569 1015 655 futuro
1029 569 1152 656 judicio
1170 573 1272 659 justa·

152 721 214 787 que
228 696 439 762 retributione
462 694 606 765 omnium
621 720 638 760 a
660 694 755 761 nobis
773 694 804 759 in
819 694 883 759 vita
904 711 1087 784 gestorum
1103 709 1269 783 praeterea,

152 816 273 908 quaein
294 815 443 882 Mosaicis
461 815 580 881 chartis
603 816 900 907 Prophetarumque
922 812 1013 879 libris
1034 814 1206 893 habentur,
1231 815 1271 880 de

151 938 262 1004 mundi
277 939 450 1017 creatione,
463 955 495 1003 et
508 936 648 1002 hominis
658 936 850 1002 formatione
863 937 1015 1024 primum,
1029 935 1104 1002 dein
1114 935 1272 1023 ejectione

151 1055 191 1121 de
220 1058 383 1137 paradiso,
411 1082 520 1123 rursus
545 1057 788 1137 instauratione,
814 1056 899 1122 clara
927 1054 1035 1122 omnia
1063 1072 1097 1121 et
1124 1056 1273 1122 distincta

151 1179 380 1269 pronuntiant3
400 1178 529 1268 insuper
554 1180 594 1243 de
617 1178 725 1247 multis
742 1179 839 1244 rebus
861 1200 916 1242 seu
929 1178 997 1263 jam
1022 1175 1203 1267 praeteritis,
1218 1201 1274 1244 seu

151 1298 260 1365 forsan
284 1299 363 1365 olim
379 1299 550 1383 eventuris,
569 1298 693 1365 varium
713 1298 746 1363 in
770 1296 903 1364 modum
928 1295 1158 1375 vaticinantur3
1183 1296 1287 1395 deni·-

151 1443 215 1510 que
230 1446 295 1487 non
309 1445 423 1512 parum
438 1421 479 1487 ad
491 1420 666 1510 legentium
682 1418 852 1485 utilitatem
868 1417 1015 1484 conferre
1028 1437 1176 1511 possunt.
1262 1475 1273 1500 ,

195 1540 326 1630 Sibyllae
351 1542 459 1632 igitur,
477 1557 513 1607 ut
536 1566 554 1606 a
572 1540 682 1606 multis
706 1540 944 1631 scriptumest,
970 1536 1122 1620 fuerunt,
1139 1538 1274 1606 diversis

151 1661 350 1751 temporibus
373 1661 532 1752 locisque,
556 1684 691 1727 numero
716 1659 840 1728 decem.
867 1659 997 1746 Sibylla
1021 1660 1120 1726 latina
1141 1676 1191 1726 est
1212 1682 1274 1725 vox

151 1781 238 1847 idem
256 1805 373 1847 sonans
385 1781 473 1872 quod
489 1780 665 1848 divinatria
682 1767 738 1844 seu
749 1781 925 1869 prophetis,
942 1778 1027 1845 unde
1044 1802 1164 1845 nomen
1184 1802 1276 1846 oom-

150 1926 247 1968 mune
271 1903 390 1969 factum
414 1904 565 1969 omnibus
584 1901 722 1968 fatidicis
743 1901 941 1969 mulieribus.
973 1901 1080 1966 Prima
1103 1900 1164 1966 fuit
1179 1899 1277 1966 Chal·

150 2023 219 2091 daea
234 2048 291 2090 seu
310 2027 448 2104 Persica,
474 2023 606 2117 proprio
624 2022 753 2091 nomine
775 2022 949 2088 Sambethe
964 2021 1061 2102 dicta,
1081 2046 1153 2112 quae
1174 2022 1277 2089 fertur

150 2145 325 2209 Alexandri
338 2144 525 2210 Macedonis
543 2167 595 2209 res
609 2160 714 2234 gestas
731 2141 927 2231 praedixisse,
946 2140 1085 2230 facitque
1098 2143 1167 2228 ejus
1183 2167 1276 2210 men·

72 2289 79 2302 ·
151 2263 273 2329 tionem
281 2263 434 2343 Nicanor,
449 2263 503 2353 qui
517 2265 614 2328 vitam
624 2260 749 2352 scripsit
760 2259 942 2325 Alexandri.
958 2258 1116 2342 Secunda,
1129 2262 1273 2354 Libyssa,

151 2387 241 2470 cujus
254 2383 400 2450 meminit
416 2383 585 2473 Euripides
606 2383 640 2448 in
660 2381 795 2473 prologo
813 2382 942 2450 Lamiae.
963 2383 1083 2461 Tertia,
1103 2376 1272 2472 Delphica,

151 2504 285 2594 Delphis
316 2523 403 2590 nata,
435 2506 476 2572 de
505 2529 568 2595 qua
593 2505 790 2595 Chrysippus
817 2503 850 2570 in
878 2504 961 2570 libro
985 2502 1027 2569 de
1054 2504 1272 2572 Divinatione.

102 2620 106 2630 ’
150 2630 283 2712 Quarta,
305 2626 426 2709 Italica,
447 2627 479 2692 in
502 2626 672 2693 Cimmeris
696 2625 808 2704 Italiae,
826 2627 915 2712 cujus
937 2624 1020 2691 filius
1042 2627 1191 2692 Evander
1205 2629 1274 2692 tto-

150 2774 210 2816 mae
227 2750 335 2815 fanum
349 2749 457 2827 Panis,
474 2746 629 2838 Lupercal
644 2744 851 2838 appellatum,
868 2745 1026 2812 condidit.
1040 2748 1173 2831 Quinta,
1190 2749 1273 2838 Ery-

151 2870 263 2949 thraea,
278 2894 349 2960 quae
363 2886 395 2935 et
408 2868 450 2936 de
461 2870 604 2955 Trojano
616 2867 703 2934 hello
715 2867 886 2934 vaticinata
901 2884 963 2951 est,
977 2867 1157 2934 affirmante
1175 2869 1275 2960 Apol·

151 2989 265 3057 lodoro
283 2990 463 3082 Erythroeo.
485 2992 593 3074 Sexta,
613 2988 732 3073 Samia,
749 2989 879 3079 proprie
897 2988 1004 3078 Phyto
1020 3005 1216 3080 nuncupata,
1233 2990 1274 3057 de

151 3132 215 3200 qua
229 3109 356 3200 scripsit
366 3110 607 3176 Eratosthenes.
624 3108 777 3200 Septima,
789 3111 930 3192 Cumaea,
947 3107 1076 3195 nomine
1090 3109 1272 3191 Amalthea,

152 3227 216 3297 sive
231 3228 420 3320 Herophilo,
437 3229 515 3317 sive,
529 3247 565 3296 ut
580 3227 775 3320 quibusdam
789 3225 1126 3322 placet,·'l'araxandra
1144 3256 1151 3292 :
1167 3227 1274 3320 Virgi-

152 3449 218 3502 euim
229 3450 369 3503 institutum
383 3467 542 3519 suumraquo
554 3452 586 3502 ad
600 3450 657 3501 iibri
672 3448 704 3500 lll
718 3448 788 3499 initia
802 3447 926 3514 longiusve
940 3447 1014 3515 paulo
1028 3456 1168 3515 persecutus
1181 3445 1276 3512 firisset,

153 3533 188 3587 ihi
206 3546 306 3604 repente
319 3552 380 3603 opus
391 3551 462 3603 grave
475 3535 548 3586 nimis
562 3542 587 3586 et
604 3536 718 3596 miluum,
738 3532 856 3599 desponso
870 3532 963 3596 animo,
982 3531 1100 3599 reliquit:
1117 3531 1201 3583 confer
1218 3530 1277 3601 Arg.

154 3719 266 3780 averbis,
280 3710 311 3780 ἧς
324 3721 482 3786 μνημονεύει,
504 3718 626 3771 lactantii
646 3733 701 3769 rur-
731 3715 884 3782 corrigenda.
904 3715 1055 3783 Turpissima
1072 3715 1119 3768 ista
1136 3715 1224 3767 menda
1245 3732 1278 3768 na

153 3809 194 3844 sus
206 3794 303 3860 vestigia
317 3796 414 3863 premit.
731 3793 869 3844 notabimus
882 3793 992 3857 quidem.

189 3875 213 3922 i.
232 3870 308 3921 Codd.
320 3882 345 3922 et
356 3871 410 3921 edd.
425 3872 525 3938 κυρίως,
541 3869 584 3922 ubi
597 3886 642 3921 nos
653 3887 697 3921 κυ·
764 3878 789 3924 6.
806 3871 877 3922 Falso
899 3870 987 3921 Noster
1006 3879 1101 3937 etpost
1119 3886 1176 3921 eum
1189 3871 1279 3938 reliqui

155 3946 211 4012 plo,
223 3963 279 3996 cum
290 3946 365 3997 Suida
374 3956 399 3997 et
412 3946 506 3997 ceteris.
729 3949 785 4015 περὶ
807 3948 933 4008 θεότητος
948 3963 1036 3999 :serus
1049 3947 1115 3998 enim
1129 3947 1214 3999 titulus
1232 3947 1281 3999 fuit

189 4027 213 4074 5.
230 4023 306 4073 Codd.
323 4024 422 4081 ἱκανῶς,
435 4021 575 4072 ubiSuidas
588 4019 699 4076 etceteri
730 4023 787 4090 περὶ
806 4024 948 4083 Μαντικῆς,
966 4031 1025 4073 teste
1045 4021 1150 4088 Diogene
1168 4021 1279 4084 Laertio,

58 4104 62 4111 '
154 4112 238 4148 omnes
257 4113 313 4147 cum
329 4097 458 4148 Lactantio
476 4097 602 4162 Νικάνωρ.
624 4094 700 4145 Porro
732 4098 797 4148 unde
807 4096 893 4148 Cicero
907 4107 932 4148 et
946 4097 1098 4158 Lactantius,
1112 4099 1168 4148 «de
1181 4097 1281 4150 Divina·

156 4174 290 4232 sciendum,
306 4173 331 4222 in
344 4172 373 4222 iis
387 4180 593 4240 quasequuntur,
602 4171 702 4221 nomina
733 4172 801 4224 tione
815 4195 837 4222 ν.

156 4249 255 4315 propria
264 4265 332 4315 poene
341 4249 424 4299 omnia
433 4248 459 4298 in
468 4248 541 4314 hujus
551 4246 703 4297 Prafationis
770 4251 793 4298 i.
816 4247 911 4307 Verba,
941 4240 971 4309 ἦς
991 4249 1044 4306 υἱὸς
1066 4248 1165 4313 ἐγένετο
1180 4277 1212 4288 -
1228 4251 1284 4303 κτί-

156 4323 336 4391 exemplaribus
347 4325 433 4376 misere
445 4331 562 4390 corrupta
576 4322 631 4388 tegi,
649 4338 703 4388 quac
736 4341 795 4385 σας,
808 4340 858 4375 uon
870 4333 928 4374 sunt
946 4340 960 4374 e
984 4323 1112 4375 Lactantio
1130 4326 1283 4395 deprompta,

157 4398 227 4449 nobis
246 4399 347 4451 maana
367 4418 398 4452 ex
417 4399 566 4458 Scholiasta,
586 4396 661 4448 Suida
678 4405 705 4447 et
736 4401 779 4452 aad
791 4418 822 4452 ex
836 4399 1003 4451 Alexandrino
1016 4401 1150 4460 Ciemmte,
1159 4401 1251 4455 strom,
1264 4403 1285 4463 1,

158 4475 272 4541 reliquis,
290 4492 362 4544 supra
379 4475 473 4537 citatis,
492 4473 626 4542 prasertim
647 4488 705 4524 vero
738 4494 764 4543 p.
780 4481 840 4537 tsi,
854 4477 896 4528 ed.
913 4475 960 4529 Ox.
981 4476 1023 4529 uhi
1045 4476 1122 4529 literis
1131 4477 1191 4545 ipsis
1202 4480 1286 4548 legun·

158 4551 345 4619 exhortatio,
364 4553 476 4609 omnibus
495 4552 586 4620 quippe
605 4552 704 4619 pierio,
738 4560 788 4603 tur.
