3186 5310
254 1052 649 1180 ORACULA
696 1046 1155 1176 SIBYLLINA.

645 1349 750 1373 ⁴0—-

524 1560 873 1645 PROOEMIUM

311 1812 363 1874 EX
382 1811 592 1874 TllllOPlllLl
613 1810 741 1874 LIBRIS
762 1809 814 1871 llll
837 1807 1088 1873 turonicum.

228 2305 384 2372 Mortales
401 2304 563 2389 homines,
581 2319 650 2371 eata
664 2324 760 2370 carne
776 2319 810 2367 et
825 2322 905 2367 vona
921 2323 1081 2393 propago,

228 2415 338 2480 Vosne
352 2413 433 2480 adeo
448 2412 569 2492 efferri,
587 2433 692 2501 neque
709 2410 805 2476 finem
825 2431 957 2476 cernere
971 2409 1061 2475 vitrei

229 2521 303 2586 Non
315 2520 465 2601 tremitis,
479 2541 705 2608 summumque
723 2518 829 2583 Deum
850 2518 919 2604 (voe
933 2517 1048 2609 aspicit
1060 2515 1127 2606 ille)

227 2628 302 2693 Non
317 2626 514 2695 formidatis!
532 2629 587 2719 qui
602 2624 693 2692 novit
703 2641 819 2691 cuncto
830 2623 993 2716 videtque,

184 2733 201 2797 5
226 2733 363 2823 Magnus
376 2732 433 2798 ulit
451 2732 507 2823 qui
520 2747 634 2798 cuneta
649 2752 776 2820 parens,
794 2747 890 2821 utque
908 2732 1058 2798 omnibus
1074 2731 1194 2797 almum

228 2841 371 2907 insinuat
384 2842 523 2923 Florum,
542 2838 706 2907 terrestria
723 2838 823 2906 cordo
836 2857 1014 2931 regentem.

229 2950 320 3017 Unus
336 2951 378 3017 de
391 2951 471 3017 coelo
487 2967 600 3041 regnat
613 2949 701 3015 Deus
721 2971 729 3015 ι
749 2947 804 3014 ille
821 2972 1000 3040 supremus,

139 3133 154 3167 e
168 3116 295 3169 codicibus
306 3117 375 3171 eboet
388 3117 514 3189 Sibyllinis
529 3127 604 3186 etque
617 3133 648 3168 ex
661 3115 770 3168 editione
784 3117 905 3186 principe,
919 3132 1076 3186 mppreturnr
1090 3116 1142 3184 jem
1157 3115 1265 3184 uliqui-

139 3211 179 3254 tur
192 3203 225 3253 ob
241 3219 296 3255 cent
308 3220 363 3271 quc
383 3202 447 3257 inire
467 3204 563 3256 dicetur
575 3218 673 3255 cenum
687 3200 742 3268 (etr.
755 3203 812 3270 Arg.
828 3203 886 3255 libri
901 3203 946 3270 lll,
962 3203 978 3270 s
990 3205 1029 3269 1),
1046 3212 1170 3270 repertum
1184 3211 1267 3270 posteo

141 3348 170 3400 τὸ
187 3350 237 3401 τῶν
256 3349 393 3418 ἀνθρώπων
410 3351 482 3416 γένος
497 3352 618 3416 λέγουσα,
631 3351 687 3402 ’Ἇν-
718 3348 782 3402 cient
796 3348 822 3400 iu
836 3348 926 3401 tenetis
939 3347 1009 3401 libris
1021 3348 1160 3410 buudrnro,
1175 3347 1263 3400 Psebn.

142 3424 379 3489 1ροοποι1νητο1,κ.
393 3439 416 3474 τ.
432 3426 454 3476 λ.
466 3424 537 3487 Quod
545 3433 582 3475 eet
592 3422 685 3474 lntine:
720 3429 761 3489 tt,
775 3442 798 3477 v.
818 3430 866 3489 16;
881 3430 938 3486 lto,
949 3443 974 3477 v.
991 3429 1016 3489 1,
1031 3435 1079 3478 ete.

141 3522 155 3545 u
166 3500 260 3566 Sibylla
273 3518 331 3552 vero
352 3502 418 3568 apud
436 3500 532 3553 Grecos
547 3511 688 3568 ceteraeque
754 3506 778 3553 l.
799 3501 837 3554 et.
854 3501 886 3564 ll,
903 3506 964 3562 ltu
980 3504 1071 3570 purtim
1082 3502 1265 3565 etiem,l,152.

140 3583 222 3643 gentes
233 3575 355 3627 vaticiniis
370 3577 446 3640 eluro,
465 3576 538 3629 initio
553 3577 689 3646 prophetin
755 3580 778 3630 5.
799 3578 827 3628 ln
841 3577 889 3629 line
899 3578 976 3631 ἅπασι
985 3578 1093 3646 primunr
1106 3574 1214 3628 dubitari
1225 3593 1269 3643 po·

140 3667 198 3710 tue,
220 3652 347 3703 homiuum
362 3669 438 3719 genus
460 3654 570 3723 increpet
581 3656 622 3708 his
632 3676 687 3710 ver.
720 3661 767 3705 teet
780 3664 863 3706 utnun
877 3654 907 3704 nd
922 3670 1005 3706 ornnes
1020 3664 1114 3706 crenus
1126 3669 1178 3714 ree,
1191 3668 1221 3702 tu
1238 3652 1269 3703 nd

140 3726 178 3778 bie
193 3745 198 3777 :
212 3727 325 3780 Mortnlee
335 3729 456 3792 homines,
472 3740 520 3783 ete.
533 3753 546 3777 ο
719 3730 830 3782 homines
850 3732 913 3781 colos
929 3732 1066 3799 pertineet3
1081 3729 1123 3781 ted
1137 3744 1220 3779 versut
1232 3745 1270 3780 ee·

175 3805 198 3853 1.
219 3804 315 3855 (litatur
336 3822 351 3856 u
372 3805 498 3857 Clemente
522 3807 687 3862 Alexandrino
719 3806 992 3872 quenecontrorertiem
999 3805 1103 3856 dirimit.
1115 3804 1196 3871 Atque
1203 3803 1269 3856 idern

140 3877 375 3944 primuebicrerun,
386 3880 616 3953 Stromet.lll,pag.
626 3889 687 3950 51¹1,
720 3881 770 3932 lere
789 3882 855 3932 uolet
873 3883 939 3949 quod
954 3883 981 3932 in
995 3881 1052 3950 Sep.
1067 3881 1160 3934 Selom.
1175 3897 1229 3950 cnp.
1245 3885 1270 3943 ’1,

141 3952 180 4002 ed.
197 3953 242 4004 Ox.
261 3954 327 4006 ldenr
341 3968 450 4008 recurret
462 3957 599 4012 imitatione
608 3963 688 4013 meni·
720 3974 744 4008 v.
758 3961 801 4020 28,
813 3956 920 4023 Πνεῦμα
929 3959 969 4008 διὰ
975 3959 1076 4008 πάντων
1088 3954 1188 4026 χωροῦν
1201 3975 1262 4009 eveo

141 4027 200 4080 seete
214 4031 259 4081 sub
278 4031 377 4082 initium
394 4033 453 4084 libri
470 4033 516 4097 lll,
532 4053 554 4088 v.
570 4041 584 4089 8
600 4055 605 4087 :
620 4039 690 4104 cnjus
722 4032 817 4097 μάτων,
830 4032 868 4081 vel
881 4032 945 4082 idem
959 4041 1025 4081 certe
1040 4031 1106 4098 quod
1116 4031 1182 4098 opud
1196 4032 1271 4099 ipsum

141 4105 198 4156 libri
209 4108 457 4177 sectionemprimem
479 4127 565 4177 magne
577 4128 608 4162 ex
620 4123 689 4180 perte
723 4107 841 4177 Sibyllem
852 4107 927 4172 inite,
942 4111 982 4167 18,
998 4109 1060 4160 πᾶσι
1071 4109 1273 4175 βροτοῖοινέμων

142 4181 293 4249 desumptam
307 4199 358 4234 eece
371 4201 401 4235 ex
414 4184 462 4236 hoc
473 4184 596 4237 Prooemio
609 4189 689 4256 pelem
725 4185 754 4235 τὸ
771 4185 909 4252 κριτήριον,
924 4184 996 4250 juxte
1005 4183 1144 4235 doctrinm
1153 4184 1277 4251 Evangelii

142 4257 177 4306 ibi
195 4274 370 4324 agnosce-us,
395 4276 473 4327 enque
494 4259 591 4312 videtur
618 4262 692 4315 luieee
723 4260 838 4322 loannis,
854 4276 909 4326 cup.
925 4263 948 4323 1,
963 4276 987 4310 ν.
1000 4264 1025 4313 9.
1049 4259 1193 4312 buotentiue
1214 4276 1276 4327 quo·

142 4350 215 4383 causa
233 4351 277 4385 eur
291 4334 439 4388 Prooeminm
453 4336 559 4403 ipenrne
575 4338 692 4406 plegierio
724 4353 773 4404 que
790 4336 820 4387 de
840 4335 983 4388 bominibus
1000 4337 1057 4387 solie
1075 4336 1207 4401 intellexit,
1226 4337 1275 4389 loc.

143 4411 446 4477 supprimereturzeonler
458 4413 550 4465 ibiuot
723 4411 850 4480 supracit.

178 4489 202 4536 2.
224 4485 343 4538 decurret
358 4488 458 4539 verbum
469 4489 593 4553 ὑψοῠοθαι
607 4503 692 4556 euper-
759 4495 784 4540 6.
801 4488 952 4551 Lactantius,
966 4489 1033 4556 quod
1045 4487 1151 4551 mireris,
1163 4504 1208 4556 pro
1221 4492 1277 4556 βρο·

145 4560 228 4612 biendi
242 4561 391 4623 eeneuinlre,
412 4566 454 4627 59,
462 4572 487 4614 et
495 4563 540 4614 lib.
553 4561 620 4630 Vlll,
633 4564 692 4624 119,
728 4565 778 4615 τῶν
791 4562 866 4614 hebet
876 4566 940 4616 θοόν
952 4583 959 4619 :
971 4581 1020 4632 que
1032 4563 1063 4613 de
1072 4579 1100 4615 re
1111 4564 1167 4615 ride
1175 4573 1228 4615 not.
