3186 5310
451 396 739 479 ‘srartunosun
760 419 835 480 mu.
858 419 908 496 ιιι,
928 418 948 498 a
968 424 997 481 a.
1227 423 1283 481 na

572 582 889 678 *aaa

304 784 348 846 Ut
361 781 440 846 mibi
456 781 563 848 divino
576 782 760 872 requierunt
771 801 900 872 pectora
913 803 1027 864 cantu,

169 890 237 973 490
260 888 343 951 Ecce
357 887 473 951 iterum
490 888 596 975 magni
610 911 674 952 vox
685 905 734 952 est
749 888 865 977 allapsa
883 888 1056 971 Tonantis,

260 996 365 1082 Atque
380 994 495 1058 iterum
509 994 602 1059 terris
615 995 742 1060 oracula
755 994 889 1060 fundere
899 996 1003 1080 jussit.
1030 1063 1033 1069 ,

305 1102 412 1168 Eheu!
426 1104 611 1169 Pboenicum
626 1104 749 1195 populi,
768 1122 960 1195 matresque,
977 1105 1110 1194 virique,

259 1208 458 1299 Litoreaeque
475 1212 581 1289 urbes,
598 1233 735 1300 quarum
749 1236 816 1276 non
832 1212 896 1276 ulla
909 1230 1067 1301 superstes

263 1314 310 1380 Ad
324 1317 399 1382 solis
419 1317 525 1382 radios
541 1319 704 1383 communi
722 1319 754 1382 in
767 1319 836 1384 luce
849 1318 1002 1383 manebit.

172 1423 235 1509 495
260 1425 374 1489 Omnis
390 1425 549 1488 viventum
561 1448 639 1513 gens
655 1441 688 1488 et
701 1426 801 1489 tribus
817 1425 942 1490 occidet
956 1425 1070 1500 omnis,

261 1529 409 1594 Effrenos
422 1547 553 1619 propter
565 1555 669 1596 mores
684 1531 888 1620 linguamque
903 1548 1105 1620 protervam:

259 1636 382 1726 Nempe
398 1636 486 1724 quod
502 1637 534 1701 in
548 1661 643 1701 vanas
656 1637 819 1701 solverunt
831 1661 888 1700 ora
899 1636 1054 1725 loquelas,

259 1743 419 1831 'l'etraque
435 1742 597 1823 dixerunt,
617 1744 807 1831 injustaque,
826 1743 967 1832 falsaque
983 1744 1094 1820 verba,

259 1851 301 1914 Et
317 1868 428 1914 contra
439 1874 592 1939 magnum
608 1867 763 1915 steterunt
778 1872 950 1938 regemque
965 1851 1145 1937 Deumque,

172 1955 237 2020 500
260 1953 355 2021 Foeda
369 1973 549 2021 eructantes
562 1955 739 2021 mendacia.
759 1955 911 2022 Numinis
927 1978 1003 2044 ergo

260 2063 457 2127 Verberibus
474 2080 579 2128 totum
595 2064 773 2152 plectentur
788 2063 885 2127 corda
902 2086 961 2151 per
976 2063 1110 2143 orbem,

259 2169 362 2257 Impia
377 2169 486 2245 corda,
506 2170 621 2256 quibus
638 2169 743 2233 mittet
757 2170 845 2232 Deus
863 2168 1065 2257 saporosum,

260 2276 364 2340 Urbes
377 2292 409 2339 et
425 2276 544 2339 validas
563 2292 708 2340 evertens
722 2274 865 2340 funditus
879 2298 979 2340 arces.

307 2385 390 2459 Heu,
410 2383 506 2464 male,
526 2385 631 2461 Creta,
648 2383 721 2464 tibi,
741 2383 877 2447 multum
889 2381 1046 2449 dolitura!
1064 2404 1171 2450 manet
1182 2404 1214 2452 te
1303 2426 1306 2434 ·

174 2489 238 2556 505
263 2489 435 2555 Horribilis
454 2490 560 2555 clades
573 2508 668 2578 atque
683 2490 856 2554 insanabile
870 2490 1000 2567 vulnus3

262 2599 303 2661 Et
317 2613 348 2660 te
360 2594 538 2660 fumantem
552 2596 665 2684 procul
681 2596 786 2659 omnis
801 2611 887 2660 terra
898 2594 1030 2670 videbit,
1048 2661 1049 2664 ,

261 2705 331 2770 Nec
342 2703 478 2768 cessabit
492 2702 573 2767 edax
584 2702 711 2791 penitus
724 2720 755 2766 te
767 2704 935 2768 absumere
948 2701 1087 2769 flamma.

308 2812 380 2875 Heu
395 2809 467 2889 tibi,
487 2807 623 2873 Thracia
639 2813 740 2874 terra!
752 2812 866 2897 jugum
878 2808 990 2873 servile
1002 2810 1136 2889 subibis,

263 2916 454 2982 Dardanidis
467 2915 556 2980 mixti
569 2914 688 2979 Galatae
699 2939 800 3004 quum
812 2915 921 2980 Graeca
933 2939 992 3005 per
1004 2939 1078 2980 arva

177 3023 241 3088 510
265 3024 447 3110 Irrumpent
459 3021 572 3111 praedae
587 3021 695 3110 cupidi
710 3038 807 3087 :tunc
820 3022 945 3111 perdita
958 3021 1063 3099 llebis,

266 3131 473 3217 Externaeque
488 3127 608 3191 malum
627 3143 719 3191 terrae
736 3127 840 3206 dabis,
855 3128 1067 3217 accipiesque.

309 3235 379 3298 Heu
397 3234 468 3314 tibi,
482 3232 567 3323 Gog,
581 3251 613 3297 et
625 3233 680 3322 qui
692 3251 764 3322 post
776 3258 888 3297 omnes
903 3232 1015 3298 ordine
1026 3237 1158 3325 lllagog,

267 3342 448 3405 Marsorum
465 3362 542 3427 gens
557 3357 652 3427 atque
672 3341 788 3421 Daum,
806 3338 864 3402 tibi
883 3356 962 3428 quot
979 3340 1060 3404 mala
1079 3347 1224 3429 surgent!

176 3519 310 3570 subintret.
326 3548 357 3556 -
370 3522 428 3573 50⁴.
444 3534 496 3584 sqq.
516 3518 636 3568 Adversus
652 3517 757 3568 Cretam.
770 3546 801 3555 —
817 3520 874 3579 tot,
889 3536 942 3585 sqq.
956 3520 1075 3569 Adversus
1088 3520 1227 3581 Thraciam,
1242 3539 1295 3572 vas-

177 3606 278 3656 tandam
295 3604 386 3670 quippe
403 3603 507 3653 colluvie
521 3601 644 3652 Gallorum
662 3602 702 3667 [an
721 3601 886 3668 Galatamm?]
906 3613 930 3653 et
949 3603 1141 3655 Dardanidamm
1155 3604 1197 3671 [au
1215 3607 1295 3674 Pliry-

177 3689 269 3754 gum?].
280 3715 312 3724 —
321 3690 378 3748 512,
390 3702 443 3753 sqq.
459 3687 578 3738 Adversus
592 3685 644 3751 Gog
657 3695 680 3736 et
691 3686 773 3752 llagog
786 3687 922 3753 multasque
936 3686 999 3736 Arioe
1010 3698 1100 3753 gentes,
1113 3689 1196 3739 mixtis
1207 3689 1294 3740 Alrire

179 3772 312 3822 nonnullis.
327 3801 357 3809 -

178 3913 223 3965 lib.
239 3911 290 3983 lll,
303 3910 394 3961 citante
407 3908 723 3976 Hieronymo‚Prooem.in
753 3909 834 3960 dimus
851 3925 922 3959 nose
940 3911 1003 3976 conj.
1022 3909 1099 3961 Vellet
1125 3910 1213 3976 aliquis
1232 3913 1296 3964 πολύ

178 3988 245 4040 nst
261 3985 339 4037 Galat.
352 4002 358 4034 ε
369 3984 469 4044 «Galli,
481 3986 577 4050 inquit,
589 3986 724 4052 antiquitus
754 4001 799 4052 pro
811 3986 889 4035 κακόν
903 4001 1029 4051 reponere,
1044 3985 1079 4034 sic
1097 4002 1193 4052 nempe,
1210 3987 1298 4045 δώσιις

179 4081 215 4114 «a
230 4063 336 4113 candore
357 4061 467 4126 corporis
486 4060 578 4110 Galate
596 4078 724 4127 nuncupa·
754 4061 817 4110 πολὺ
834 4061 997 4124 μηδέτιλήψῃ
1012 4061 1108 4109 :sedan
1118 4064 1298 4128 nnoipmoddt'

180 4159 194 4185 a
203 4139 303 4199 bantur,
316 4147 340 4187 et
360 4136 454 4202 Sibylla
468 4136 503 4185 sic
521 4152 562 4184 eos
581 4137 695 4203 appellat.
710 4134 723 4179 ri
755 4146 821 4185 recte
833 4145 888 4193 stet,
897 4136 990 4200 judicet
1000 4135 1052 4201 ipse
1064 4137 1101 4185 air
1110 4137 1205 4186 doctus.

178 4213 228 4265 snt
238 4213 352 4280 bicapud
360 4211 509 4279 Sibyllistam
522 4212 553 4260 de
561 4211 622 4261 ssia
634 4210 725 4262 Galatis
791 4213 849 4259 tta.
868 4210 945 4261 Codd.
958 4213 1059 4276 μαρσὼν
1072 4213 1111 4270 ἠδ’
1124 4214 1206 4276 ἀγγὼν
1220 4230 1226 4262 :
1241 4229 1297 4263 narn

179 4288 268 4354 agitur.
366 4322 369 4328 ι
756 4285 1298 4355 Μαρσώγ,ᾳυοᾱοι1ἀ.ὴεΙκηῐ,οκεροςηρίιί

215 4367 272 4416 sto.
291 4362 369 4414 Godd.
381 4365 454 4428 πορθ.
475 4362 533 4412 τότε
549 4379 599 4411 σοι.
620 4361 725 4411 Laborat
756 4361 829 4410 unius
842 4360 929 4419 mendo
938 4360 1039 4426 prodiit.
1055 4361 1137 4425 Ignota
1147 4363 1247 4412 omnino
1259 4365 1298 4413 vel

180 4440 303 4507 syntaxis,
323 4438 370 4489 nisi
383 4438 471 4488 lacuna
486 4437 577 4486 subeat.
756 4438 850 4487 incerta
862 4436 1022 4486 barbarorum
1036 4435 1149 4497 nomina,
1164 4439 1195 4487 de
1209 4439 1300 4504 quibus

216 4518 273 4566 511.
293 4513 370 4564 codd.
385 4516 463 4564 maan
477 4528 526 4562 non
541 4511 724 4562 babentnddi-
756 4511 811 4561 vide
822 4521 874 4562 not.

1162 4611 1182 4669 8
