3186 5310
593 505 598 514 ,
651 432 702 495 lo
723 430 935 493 sisinum.

392 630 426 693 V
423 630 443 695 Ι
444 679 452 694 .
470 631 517 694 De
531 628 630 694 tribus
640 636 789 719 proxime
805 636 974 728 recognitis
989 628 1192 694 carminibus.

278 779 443 844 Habemus
459 779 568 869 itaque
581 778 641 844 tria
656 778 812 869 Sibyllina
828 780 968 844 carmina
991 777 1172 858 christiana,
1191 777 1348 866 primoevte

233 885 381 951 Ecclesiae
400 885 582 970 tribuenda,
598 886 808 976 proximoque
824 902 968 976 tempore
983 886 1100 974 scripta
1115 884 1199 950 inter
1218 883 1349 950 ultimos

233 1015 334 1059 annos
349 994 444 1082 primi
455 994 562 1060 saeculi
578 1012 610 1060 et
622 995 753 1061 secundi
765 993 899 1085 primos,
916 1009 952 1060 ut
963 993 1053 1058 facile
1063 991 1225 1082 potuerint
1235 992 1276 1057 sb
1289 1014 1350 1057 eo·

234 1097 308 1165 dem
322 1118 454 1166 auctore
470 1100 579 1167 condi.
597 1104 715 1167 Utrum
728 1124 840 1166 revera
858 1103 899 1165 ab
922 1101 1036 1165 eodem
1051 1099 1167 1190 scripta
1181 1099 1257 1183 sint,
1275 1115 1346 1165 tuto

232 1228 337 1296 neque
350 1207 446 1273 asseri
460 1231 563 1297 neque
577 1208 686 1298 negari
696 1224 815 1299 potest.
834 1207 895 1273 Vix
908 1225 1015 1273 tamen
1024 1207 1137 1273 credes
1144 1205 1234 1272 brevi
1243 1206 1347 1298 spatio

232 1306 356 1380 dimidii
364 1313 506 1379 minusve
522 1315 642 1397 saeculi,
658 1316 814 1405 grandem
828 1314 1029 1380 Alexandriae
1042 1330 1233 1406 proventum
1248 1312 1347 1379 exsti·

233 1422 306 1486 tisse
327 1437 499 1511 poetarum
529 1446 584 1488 seu
610 1425 794 1490 Judaeorum
818 1422 884 1490 sive
907 1423 1160 1509 judaizantium,
1187 1421 1272 1487 intra
1297 1421 1364 1509 vel·

233 1546 321 1596 extra
336 1529 526 1597 christianos
545 1531 686 1600 ordines.
706 1534 840 1598 Praestat
863 1530 961 1621 igitur
983 1529 1143 1619 conjicere
1165 1546 1231 1595 tres
1252 1529 1350 1596 hosce

232 1636 345 1721 libros,
363 1639 593 1705 sententiarum
611 1656 644 1705 et
659 1639 807 1705 dictionis
820 1638 930 1705 colore
947 1638 1137 1722 simillimos,
1153 1637 1202 1702 vel
1224 1631 1264 1701 ei
1280 1660 1346 1703 uno

232 1749 364 1813 cerebro
388 1747 438 1813 vel
462 1749 576 1814 saltem
598 1771 637 1813 ex
662 1772 721 1813 una
745 1749 835 1837 quasi
860 1747 970 1813 schola
997 1744 1167 1836 prodiisse.
1198 1730 1348 1811 Scholam

231 1853 322 1920 istam
335 1878 400 1919 non
417 1854 513 1920 aliam
527 1855 704 1921 invenimus
719 1878 814 1945 quam
826 1854 1116 1944 Therapeuterum,
1132 1855 1186 1942 qui
1200 1875 1219 1918 e
1232 1850 1349 1918 Judaeis

231 1960 366 2050 profecti
396 1985 433 2026 ac
466 1961 650 2032 Judaeorum
682 1983 800 2025 nomen
829 1959 1013 2040 retinentes,
1042 1983 1110 2025 non
1141 1960 1244 2025 multo
1274 1975 1349 2024 ante

231 2067 349 2133 Christi
363 2084 523 2157 tempora,
541 2086 663 2134 sectam
679 2067 853 2157 quemdam
868 2090 924 2132 seu
935 2066 1042 2157 potius
1056 2088 1172 2131 novam
1189 2064 1262 2130 vitae
1280 2063 1349 2130 dis-

231 2172 381 2261 ciplinam
403 2172 583 2238 monasticos
598 2172 732 2237 similem
747 2170 833 2237 haud
855 2172 968 2261 procul
987 2169 1178 2237 Alexandria
1192 2168 1275 2234 circa
1289 2192 1350 2260 pa·

232 2277 340 2342 ludem
356 2278 565 2342 Mareoticum
582 2277 803 2343 condiderant.
819 2277 952 2365 Scripsit
965 2277 1006 2342 de
1022 2276 1060 2342 iis
1073 2275 1168 2342 Philo
1180 2275 1299 2342 librum
1308 2276 1349 2341 de

232 2382 305 2448 Vita
318 2382 477 2466 Ascetica,
491 2382 524 2448 in
539 2407 605 2473 quo
616 2409 683 2449 non
696 2383 833 2469 videtur,
846 2383 1000 2475 quidquid
1022 2383 1179 2449 Eusebius
1199 2382 1349 2449 Photius·

232 2513 270 2555 ve
288 2489 329 2554 de
353 2513 389 2554 ea
405 2514 440 2554 re
455 2491 622 2570 senserint,
642 2490 840 2556 Christianos
865 2490 1049 2581 indigitasse
1076 2490 1202 2556 Judaeus
1224 2506 1348 2556 auctor.

232 2599 393 2686 Tempora
407 2597 492 2661 enim
505 2597 645 2676 obstant,
659 2621 761 2687 quum
772 2598 840 2663 hsec
851 2597 944 2664 Philo
961 2598 1123 2686 scripserit
1134 2599 1194 2663 sub
1209 2598 1285 2663 Cnio
1296 2593 1348 2662 'vel

232 2703 365 2769 Claudio
390 2705 525 2786 Caesare,
549 2704 591 2795 ad
606 2726 780 2787 summum,
799 2705 825 2769 si
849 2703 972 2770 tamdiu
994 2703 1084 2782 vixit,
1114 2704 1175 2769 sub
1204 2704 1347 2782 Nerone,

232 2834 335 2900 neque
352 2811 420 2900 ipse
442 2810 483 2875 de
503 2811 713 2899 Therapeutis
731 2810 894 2877 Ascetisve
908 2812 972 2876 suis
991 2827 1140 2900 tanquam
1159 2833 1269 2876 recens
1293 2809 1350 2877 ad·

232 2919 365 2984 modum
378 2918 457 2984 ortis
471 2919 629 3008 loquatur.
646 2919 795 2983 Ceterum
812 2941 915 3008 quum
933 2934 1007 3009 post
1031 2918 1219 2997 Philonem,
1241 2917 1274 2984 id
1290 2935 1349 2998 est,

232 3024 328 3114 paulo
352 3042 426 3114 post
443 3048 539 3089 seram
557 3041 713 3108 nostram,
733 3024 1008 3114 Therapeutarum
1023 3047 1139 3089 nomen
1157 3047 1288 3114 prorsus
1312 3047 1351 3089 ex

232 3131 375 3196 historiis
394 3132 569 3214 evanuerit,
588 3131 742 3196 credibile
759 3148 819 3208 est,
838 3131 933 3196 allata
951 3132 983 3195 in
998 3131 1176 3220 AEgyptum
1196 3128 1351 3220 evangelii

233 3238 317 3318 lnce,
337 3241 468 3304 Ascetas
489 3239 588 3320 illos,
602 3263 667 3328 quo
684 3239 788 3304 minus
809 3262 827 3302 a
846 3238 1017 3303 christiana
1041 3261 1168 3302 morum
1186 3237 1351 3327 disciplina
1415 3242 1418 3247 ’

233 3348 377 3431 aberant,
393 3370 432 3412 eo
446 3346 567 3412 facilius
581 3346 622 3412 ad
636 3364 745 3412 nostra
759 3369 847 3411 sacra
863 3345 961 3411 fuisse
974 3367 1158 3432 couversos,
1174 3344 1208 3410 id
1221 3343 1354 3410 innuen·

212 3464 265 3519 'te
284 3454 436 3533 Eusebio,
460 3477 559 3543 quum
575 3453 619 3519 nit
634 3453 834 3519 Alexandriae
855 3454 951 3541 vulgo
971 3452 1127 3519 vocitatos
1143 3455 1230 3544 ipsos
1254 3453 1353 3519 fuisse
1422 3499 1429 3517 i

234 3561 300 3628 divi
310 3561 411 3627 Marci
426 3560 611 3649 discipulos.
626 3562 749 3626 Mutata
766 3583 841 3625 vero
856 3560 1010 3649 religione
1021 3577 1209 3650 mutatoque
1223 3559 1352 3626 nomine

233 3667 354 3758 aliquid
371 3692 389 3733 e
405 3666 546 3759 pristinis
564 3666 707 3731 moribus
730 3666 815 3757 apud
840 3691 895 3732 eos
910 3666 1111 3747 remansisse,
1129 3666 1223 3732 facile
1243 3666 1351 3756 quivis

233 3774 398 3842 concedet.
414 3778 519 3865 Atque
533 3773 597 3840 huc
610 3774 694 3839 redit
706 3774 794 3864 quod
806 3773 846 3840 de
859 3775 995 3865 poeticis
1009 3797 1122 3840 eorum
1133 3773 1245 3839 studiis
1255 3773 1352 3840 tradit

233 3881 341 3963 Philo,
354 3881 418 3947 loc.
433 3883 515 3969 cit.¹:
535 3913 548 3940 a
567 3884 642 3948 Non
654 3882 759 3947 solum
771 3883 1040 3972 contemplantur,
1057 3881 1171 3970 inquit,
1186 3881 1351 3947 sedetiam

233 3990 354 4056 cantica
371 3990 571 4080 hymnosque
586 3991 619 4055 in
633 3990 693 4055 Dei
706 3990 833 4055 laudem
848 4005 1048 4080 componunt
1066 3988 1154 4053 vario
1173 4006 1352 4055 metrorum

234 4097 477 4188 carminumque
499 4120 628 4185 genere.
650 4131 661 4154 υ
680 4097 786 4163 Etiam
808 4113 929 4188 quanto
956 4097 1134 4162 inhonore
1157 4096 1255 4163 fuerit
1276 4097 1352 4188 ipsis

233 4228 286 4271 ars
309 4205 375 4289 illa,
398 4205 472 4270 inde
503 4206 647 4296 colligas,
671 4205 758 4296 quod
780 4205 811 4270 in
835 4206 1028 4294 quibusdam
1052 4203 1176 4270 dierum
1197 4205 1352 4269 festorum

234 4311 403 4395 sodalitiis,
425 4328 504 4377 teste
525 4336 651 4403 semper
672 4313 789 4379 eodem
805 4312 952 4393 Philone,
970 4311 1063 4390 ibid,
1085 4311 1111 4377 is
1134 4311 1188 4400 qui
1205 4310 1351 4376 convivio

234 4415 417 4506 praefuerat,
433 4450 447 4476 ι
457 4442 625 4508 assurgens
635 4422 793 4512 hymnum
803 4420 974 4485 inlaudem
984 4419 1042 4483 Dei
1052 4419 1174 4507 primus
1186 4417 1283 4496 canit,
1298 4434 1352 4482 eut

234 4547 345 4593 recens
361 4551 379 4592 a
394 4550 428 4592 se
445 4526 659 4615 compositum
671 4544 726 4592 aut
743 4526 948 4616 desumptum
962 4548 1001 4591 ex
1017 4525 1127 4613 aliquo
1142 4540 1248 4589 vatum
1262 4539 1350 4590 vete-
