3186 5310
244 397 290 460 ιο
387 350 391 360 ’
568 398 830 464 mmmm
851 401 980 464 ιοιοι
1000 407 1034 463 ι.

350 547 529 641 Τειρόμενοι
543 547 683 635 θνῆσκον,
698 550 768 618 ἀλλ’
790 558 831 632 ὡς
851 541 1038 643 δεδμημένοι
1056 553 1155 637 ὕπνῳ,

352 635 463 723 ὁλόιοι
481 655 509 723 οἱ
524 657 652 748 μέροπες
669 663 886 753 μεγαλήτορες,
906 656 957 736 οθς
976 661 1098 749 ἐριλησε

352 763 461 855 Σωτὴρ
482 760 631 843 ἀθοίνατος
652 766 793 851 βασιλεὺς
811 766 899 845 Θεός.
918 755 1007 833 Ᾰλλὰ
1022 765 1074 832 καὶ
1090 762 1175 832 αὐτοὶ

352 851 468 937 Ιέλιτον
483 871 635 966 ἀρροοόνῃ
657 869 868 965 βεόολημένοι.
889 873 930 939 Οἱ
950 872 1009 968 γὰρ
1029 863 1163 949 ἀναιδῶς

273 977 314 1067 75
353 960 509 1071 Ἑξεγέλων
529 980 675 1071 πατέρας,
694 979 745 1046 καὶ
763 981 898 1072 μητέρας
915 972 1077 1073 ἠτίμαζον,

352 1088 507 1163 Γνωστοὺς
523 1077 623 1154 δὀὐκ
639 1086 813 1180 ἐγίνωσκον,
834 1078 1002 1181 ἀδελφειῶν
1015 1082 1196 1155 ἐπίόουλοι·

350 1167 437 1257 ΙέΙσαν
459 1184 487 1258 δ’
501 1188 537 1285 ἀρ
560 1196 676 1286 μιαροὶ,
695 1195 906 1287 κεκορυθμένοι
927 1197 1035 1288 αἵματι
1054 1203 1178 1285 φωτῶν,

350 1299 414 1367 Καὶ
433 1303 583 1391 πολέμους
600 1302 730 1370 ἐποίουν.
752 1287 831 1395 [Eat
846 1294 877 1368 δ’
897 1288 1017 1394 αὐτοῖς]
1035 1303 1143 1376 ἤλυθεν
1160 1298 1221 1374 ἀτη

349 1392 488 1493 Ῠστοίτη,
503 1408 661 1500 οὐρανόθεν
677 1404 879 1502 βεόολημένη,
899 1413 917 1486 ἢ
940 1411 1054 1493 βιότοιο

271 1514 313 1580 80
353 1515 473 1593 Δεινοὺς
488 1509 616 1594 ἐξεῖλεν·
633 1517 704 1596 τοὺς
718 1508 745 1582 δ’
760 1515 798 1584 αὖ
818 1509 989 1596 ὑπεδέξατο
1008 1502 1106 1614 Ᾰδης.

349 1603 438 1716 Ᾰδην
460 1612 490 1687 δ’
509 1619 578 1689 αὖτ’
593 1623 771 1709 ἐκαλεσσαν,
789 1622 853 1691 ἐπεὶ
872 1632 994 1714 πρῶτος
1014 1625 1106 1717 μόλεν
1126 1614 1223 1716 Ᾰδάμ

350 1726 540 1821 Γευσοίμινος
558 1729 705 1814 θανάτου,
723 1737 798 1825 γαῖα
818 1723 853 1798 δέ
869 1757 919 1822 μιν
934 1727 1147 1825 ἀμρικαλυψε.

347 1837 483 1906 Τοόνεκα
499 1828 538 1910 δὴ
553 1836 664 1914 πάντες
678 1837 707 1905 οἱ
723 1838 886 1929 ἐπιχθόνιοι
901 1847 1051 1933 γεγαῶτες

346 1932 456 2036 Ᾰνέρες
470 1943 511 2012 εἰν
526 1932 628 2011 Ᾰίδαο
643 1936 752 2037 δόμοις
770 1946 845 2012 ἐέναι
859 1948 1033 2013 καλέονται.

268 2051 310 2117 85
347 2040 428 2119 Ᾰλλ’·
440 2049 522 2119 οὗτοι
538 2049 651 2131 ποίντες
670 2054 722 2121 καὶ
740 2053 781 2118 εέν
799 2041 899 2120 Ᾰέδαο
914 2053 1059 2146 μολόντες
1167 2089 1169 2093 ’

344 2162 444 2252 Τιμήν
458 2162 602 2252 ἔσχηκεν,
616 2159 669 2227 καὶ
682 2159 733 2228 ἐπὶ
749 2170 871 2253 πρῶτον
889 2162 975 2253 γένος
992 2157 1081 2234 ἦσαν.

398 2266 505 2360 Αὐτὰρ
523 2268 588 2336 ἐπεὶ
603 2270 733 2347 τούτους
750 2258 935 2356 ὑπεδέξατο,
951 2258 1091 2364 δεότερον
1110 2266 1192 2350 αὖθις

345 2377 416 2442 Τῶν
431 2373 694 2467 καταλειφθέντων
708 2400 743 2441 τε
758 2368 967 2444 δικαιοτάτων
986 2375 1152 2469 ἀνθρώπων

343 2465 429 2550 Ᾰλλο
445 2482 530 2575 γένος
547 2473 648 2558 τεῦξεν
665 2482 897 2571 πολυποίκιλον,
913 2480 957 2561 οίς
976 2486 1121 2575 ἐμεμηλει

273 2613 317 2677 90
344 2573 418 2682 ἀργ
431 2583 536 2681 ἐρατὰ,
551 2579 688 2656 σπουδαί
701 2613 736 2654 τε
750 2588 854 2674 καλαὶ,
870 2590 921 2655 καὶ
934 2589 1094 2682 ὑπείροχος
1111 2582 1217 2676 αἰδὼς,

345 2696 409 2765 Καὶ
428 2698 536 2769 πυκινὴ
558 2694 647 2785 σορίη
663 2720 671 2735 ·
690 2696 802 2787 τέχνας
821 2687 856 2761 δέ
875 2696 928 2788 μέν
948 2690 1116 2775 ἐξήσκησεν

343 2802 512 2885 Παντοίας,
527 2802 662 2894 εὑρόντες
674 2801 860 2894 ἀμηχανίαις
879 2802 1023 2882 ἐπινοίας.

343 2909 407 2978 Καί
421 2935 467 2988 τις
485 2909 540 2999 μέν
557 2907 646 3002 γαίην
665 2909 807 3001 ἀρότροις
825 2902 922 3002 ἐξεῦρε
941 2918 1096 3005 γεωργεῖν,

345 3000 445 3095 Ᾰλλος
462 3014 648 3083 τεκταίνειν·
663 3012 749 3103 ἀλλῳ
766 3008 801 3082 δέ
816 3019 915 3085 πλέειν
935 3020 1102 3112 μεμέλητο,

268 3122 312 3212 95
342 3107 436 3212 Ᾰλλῳ
454 3115 482 3190 δ’
500 3124 699 3216 ἀστρονομεῖν
718 3123 768 3189 καὶ
787 3128 985 3218 ὀνειροπολεῖν
1007 3124 1048 3193 τὰ
1066 3121 1202 3212 πετεινὰ,

340 3230 503 3324 Φαρμακίη
520 3221 551 3297 δ’
570 3226 668 3317 ἀλλιρ,
683 3227 780 3322 αὐτὰρ
796 3234 909 3325 μαγική
927 3233 1020 3300 παλιν
1040 3228 1141 3323 ἀλλερ·

341 3321 439 3405 Ᾰλλοι
453 3328 483 3404 δ’
502 3334 583 3404 ἀλλα
601 3340 720 3404 ἕκαστα
734 3326 930 3433 μεμηλέότα]
951 3345 1135 3432 τεχνώοντο,

341 3449 488 3538 Γρηγοροι
503 3443 709 3536 αλρηστῆρες,
728 3447 900 3539 ἐπωνυμίης
920 3453 1098 3541 μετέχοντες

342 3535 538 3645 [Τοιαύτης],
558 3553 617 3629 ότι,
634 3552 737 3643 ρασὶν,
758 3539 960 3648 [ἀκοίμητον]
981 3555 1049 3622 νόον
1068 3550 1162 3647 εῐχον,

237 3687 299 3729 100
345 3641 494 3734 Ᾰπλητόν
512 3683 545 3725 τε
560 3648 676 3750 δέμας·
698 3654 841 3751 οτιόαροὶ
862 3662 991 3755 μεγάλοι
1005 3664 1034 3728 τ’
1050 3663 1102 3729 ἐπὶ
1121 3656 1197 3730 εἴδει

232 3933 261 3944 -
277 3909 318 3965 81,
331 3920 384 3972 sqq.
397 3902 509 3956 Secunda
523 3901 655 3969 generatio,
668 3901 851 3968 Egregororum.
866 3931 892 3941 -

265 4135 304 4182 11.
325 4130 361 4180 Ex
375 4128 488 4189 Hesiodo,
504 4127 577 4196 θρετ,
595 4131 653 4187 116,
668 4128 734 4178 unde
749 4137 774 4178 et
840 4133 880 4181 83.
900 4128 938 4178 An
953 4129 1034 4196 potius
1044 4133 1237 4197 ἀμφεκάλυψενῖ

228 4208 305 4258 multa
318 4205 480 4273 sequentium.
805 4207 820 4258 '.·'
839 4208 880 4257 88.
900 4205 939 4255 Au
958 4222 1006 4255 uno
1026 4208 1100 4257 verbo
1121 4208 1279 4275 ἐπίπρωτονέ
1297 4208 1349 4260 Csr.

263 4286 303 4333 18.
322 4280 398 4331 Codd.
411 4279 455 4340 ίοη
467 4279 598 4336 δἀὐτοῑςι
609 4294 653 4329 nos
666 4294 730 4329 corr.
744 4295 774 4328 ex
807 4281 845 4330 ἐπὶ
864 4281 965 4345 πρώτην
985 4283 1022 4332 vel
1045 4285 1194 4352 ἐπιπρώιην,
1216 4284 1246 4343 V,
1262 4288 1304 4344 21,
1325 4293 1350 4334 et

217 4358 314 4409 -Αυνιιί
326 4357 390 4422 conj.
403 4356 482 4406 Minus
490 4355 581 4422 placet,
593 4354 675 4404 minus
683 4354 775 4421 quippe
806 4355 859 4413 1111,
874 4358 915 4407 28.
941 4356 1037 4408 Habent
1050 4358 1178 4426 Sibyllistoe
1192 4360 1238 4410 alia
1253 4376 1351 4426 quoque

228 4433 370 4502 poeticum,
392 4433 431 4483 ἐπὶ
449 4431 585 4489 δἀὗτοός,
607 4429 651 4480 lib.
671 4428 714 4489 n,
733 4434 772 4490 11,
806 4430 1349 4503 είυοιιιοάἰοοωροεὶιεέπίπας,περέπας,ειο.,

228 4512 283 4562 Ιοικι
292 4509 351 4560 hine
364 4508 447 4559 ducto.
806 4506 847 4554 sed
861 4505 936 4556 dubia
948 4508 1038 4558 omnia.

596 4882 892 4984 -A
