3186 5310
230 415 290 495 ειι
555 432 1023 497 κιυνιιιιιιιινιουοκυ.

340 584 472 661 Θύοντες
487 583 616 676 βωμοῖς,
630 582 683 650 καὶ
698 572 839 674 δαίμοσιν
853 579 930 675 αἷμα
948 584 1082 674 χέουσιν.

338 691 403 759 Καὶ
420 694 550 782 λύχνους
569 689 719 757 ἅπτουσιν
740 690 808 782 ἐμοὶ
828 697 874 774 τῷ
892 700 982 783 φῶτα
1000 679 1135 775 διδόντι,

337 800 411 877 Χῶς
426 790 557 888 διψῶντι
576 800 645 884 Θεῷ
659 796 768 872 θνητοὶ
785 788 952 865 σπένδουσι
971 798 1026 864 τὸν
1043 790 1136 879 οἶνον,

338 905 392 984 Εἰς
407 898 496 973 οὐδὲν
515 906 678 998 μεθύοντες
700 908 748 972 ἐπ’
765 904 949 996 ἀχρήστοισι
968 904 1089 972 θεοῖσιν.

231 1017 295 1106 390
335 1014 382 1080 Οὐ
403 1007 505 1110 χρήζω
525 1013 647 1096 θυσιῶν,
662 1015 696 1080 ού
717 1003 860 1080 σπονδῶν
875 997 1092 1107 ὺμετιρ[ἀων],

336 1123 383 1190 Οὐ
400 1124 524 1201 κνίσσης
545 1130 668 1214 μιαρῆς,
693 1123 752 1211 οὐχ
770 1119 904 1212 αἵματος
924 1119 1090 1212 ἐχθίστοιο.

336 1230 448 1298 Ταῦτα
470 1229 543 1326 γὰρ,
562 1229 602 1308 εἰς
622 1229 743 1321 μνήμην
764 1229 920 1310 βασιλήων
939 1229 975 1304 ήὲ
997 1226 1165 1321 τυράννων,

338 1336 473 1428 Δαίμοσι
491 1341 651 1413 ποιήσουσι
663 1342 791 1428 νεκροῖς,
808 1341 848 1414 ὡς
863 1333 1041 1428 οὐρανίοισι,

333 1444 507 1538 Θρησκιίαν
524 1439 611 1511 ἀθιον
628 1443 680 1510 καὶ
699 1440 832 1535 ολίθριον
852 1445 1068 1538 ἐκπλέοντες·

231 1552 294 1643 395
337 1552 402 1620 Καὶ
417 1553 561 1620 καλέουσι
580 1550 664 1628 θεοὺς
681 1544 765 1616 ἀθεοι
778 1547 837 1629 τὰς
854 1549 973 1628 εἰκόνας
993 1553 1110 1629 αὐτῶν,

333 1659 395 1727 Τὸν
414 1658 544 1732 κτίστην
561 1655 777 1750 προλιπόντες,
793 1656 846 1724 ἀπ’
864 1661 967 1725 αὐτῶν
983 1650 1098 1725 ἐλπίδα
1113 1661 1220 1726 πᾶσαν

336 1767 400 1832 Καὶ
414 1757 491 1845 ζωήν
507 1764 688 1858 νομίσαντες
707 1764 798 1856 ἔχειν,
818 1765 916 1857 κωφοὶ
935 1766 987 1832 καὶ
1007 1757 1146 1846 ἄναυδοι,

338 1872 392 1952 Εἰς
408 1875 445 1940 τὸ
458 1873 553 1941 κακὸν
571 1872 695 1940 πιστοί·
719 1869 831 1966 ἀγαθὸν
853 1856 934 1966 [δὲ]
957 1875 1035 1951 ίλως
1054 1874 1228 1967 ἀγνοοῦσιν.

337 1983 440 2060 Αὐτὸς
463 1972 552 2059 ὁδοὺς
567 1979 723 2072 προύθηκα
743 1971 814 2064 δύο,
828 1973 906 2058 ζωῆς
927 1976 1062 2048 θανάτου
1076 2006 1121 2064 τε,

233 2099 300 2174 ήοο
342 2089 405 2155 Καὶ
417 2092 523 2183 γνώμῃ
538 2071 682 2182 προέθηκ’
704 2085 820 2179 ἀγαθήν
840 2081 919 2166 ζωήν
941 2089 1146 2180 προελέσθαι·
1163 2094 1165 2097 ’

343 2196 438 2265 Αὐτοὶ
454 2188 484 2262 δ’
498 2195 538 2273 εἰς
553 2193 752 2264 θοίνατον.καὶ
767 2205 826 2288 πῦρ
849 2194 967 2263 αἰώνιον
989 2182 1041 2290 [fii
1078 2179 1108 2290 ].
1204 2267 1206 2271 ¹

392 2304 492 2371 Εἰκών
508 2304 572 2369 ἐστ’
588 2299 746 2396 ἀνθρωπος
763 2303 833 2395 ίμή,
848 2302 940 2396 λόγον
957 2303 1044 2394 ὀρθὸν
1060 2302 1190 2394 ἔχουσα.

341 2413 453 2497 Τούτῳ
468 2411 515 2487 θὲς
535 2403 669 2501 καθαράν
689 2433 725 2475 τι
745 2408 932 2502 ἀναίμακτύν
950 2435 985 2476 τε
1003 2401 1166 2504 τράπεζαν,

343 2519 517 2612 Πληριύσας
533 2516 670 2610 ἀγαθῶν,
692 2514 742 2582 καὶ
758 2507 812 2594 δὸς
830 2527 973 2584 πεινῶντι
993 2518 1045 2586 τὸν
1071 2513 1179 2611 ἀρτον,

237 2625 303 2709 ήού
344 2625 408 2691 Καὶ
425 2617 558 2712 διψῶντι
574 2623 683 2703 ποτὸν,
698 2623 751 2690 καὶ
765 2624 876 2715 εἵματα
895 2626 1015 2717 σώματι
1029 2631 1147 2718 γυμνῷ,

344 2717 391 2798 Ex
405 2728 526 2822 μόχθων
541 2720 625 2796 ίδίων
639 2729 765 2822 πορίσας
781 2732 888 2824 ἀγιαῑς
908 2731 1083 2825 παλάμῃσι.

349 2832 538 2927 Θλιύύμενον
557 2846 685 2923 κτῆσαι,
704 2836 756 2903 καὶ
774 2844 821 2922 τῷ
841 2837 989 2930 κοίμνοντι
1007 2840 1168 2931 παράστα,

346 2944 411 3014 Καὶ
426 2938 525 3023 ζῶσαν
546 2942 650 3012 θυσίαν
666 2945 783 3017 ταύτην
803 2952 849 3032 τῷ
863 2938 955 3023 ζῶντι
972 2947 1031 3041 πύρ
1045 2941 1088 3027 ζε.

347 3054 474 3147 Σπεῒρον
490 3053 537 3120 ἐπ’
553 3046 687 3146 εύσεύίῃ,
705 3052 755 3119 ἵνα
774 3078 822 3120 σοι
837 3053 924 3145 κάγῶ
938 3045 1016 3121 τάδε
1030 3045 1144 3122 δώσω·

241 3169 308 3246 ήιο
350 3161 498 3255 Καρποὺς
517 3160 700 3245 ἀθανάτους,
719 3157 772 3226 καὶ
789 3168 853 3252 φῶς
873 3160 992 3230 αἰώνιον
1008 3154 1095 3251 ἔξεις,

345 3270 411 3338 Καὶ
421 3261 501 3349 ζωήν
516 3268 707 3363 ἀμάραντον,
725 3269 801 3337 ὅταν
817 3269 890 3361 πυρὶ
906 3267 1027 3349 πάντας
1042 3263 1130 3365 ε’λίγξ
1160 3319 1168 3337 .

240 3520 270 3531 -
285 3493 343 3555 402,
356 3505 410 3556 sqq.
424 3490 505 3556 Imago
525 3506 582 3539 vera
602 3488 647 3540 Dei
664 3489 713 3556 ipse
731 3498 767 3540 est
785 3488 868 3557 homo,
889 3490 928 3540 cui
948 3489 1002 3541 ideo
1016 3488 1211 3543 subveniendum
1223 3504 1250 3546 et
1264 3494 1372 3551 benef..

159 3616 163 3628 .
238 3576 368 3638 ciendum
388 3592 470 3627 mensa
487 3592 585 3642 quoque
605 3575 759 3643 apponenda,
774 3576 816 3626 σού
831 3575 966 3627 incruentis
980 3576 1084 3644 dapibus
1104 3579 1208 3648 [nempe
1224 3596 1258 3632 ex
1273 3581 1371 3638 Then-

239 3741 595 3803 «acoenduntlumina,ete.u
607 3739 783 3793 Deluminibus
850 3744 907 3792 992.
933 3742 998 3793 Olim
1023 3745 1057 3803 εἰς
1077 3748 1167 3817 μανίας
1186 3747 1216 3807 ήθ
1236 3767 1307 3817 τυρ.,
1324 3755 1371 3807 uhi

239 3817 281 3870 hic
292 3821 344 3870 sine
359 3834 430 3869 τουσι
442 3817 593 3884 proscriptis,
608 3816 663 3868 vide
677 3828 729 3870 not.
815 3816 873 3869 novi
882 3819 952 3870 codd.
967 3822 1003 3877 εἰς
1016 3823 1113 3888 μνήμην
1128 3824 1180 3883 ήδὲ.
1194 3824 1244 3875 eft.
1258 3826 1372 3882 Pmoem.

273 3898 330 3946 391.
347 3894 397 3946 err.
409 3894 484 3954 infra,
500 3896 559 3954 wo,
571 3903 596 3944 et
604 3893 639 3944 ibi
654 3905 704 3946 not
818 3896 867 3956 223
883 3893 947 3954 vlu,
962 3898 1004 3959 47,
1016 3907 1066 3950 etc.

274 3973 331 4021 999.
349 3970 412 4021 Novi
424 3970 508 4036 codd„
519 3969 556 4020 ἐπ’
569 3970 703 4039 ἀχρήστοις
714 3970 784 4021 εἰδῶ·
851 3973 910 4022 396.
928 3971 996 4023 Idem
1016 3992 1099 4042 supra,
1117 3982 1174 4032 391.

235 4044 311 4098 λοισι.
807 4111 812 4124 Ι
852 4049 1194 4107 39⁷.Ci1aturhicloeusa
1215 4057 1370 4126 lactantio,

275 4123 332 4172 990.
353 4120 418 4171 Olim
430 4122 459 4172 οὐ
472 4123 565 4188 χρῄζει,
581 4131 606 4172 et
622 4121 648 4172 in
661 4122 710 4173 fine
722 4126 784 4188 ἡμε·
818 4121 846 4183 V,
861 4139 914 4190 cap.
927 4127 956 4176 14
968 4143 973 4176 :
985 4148 998 4172 «
1007 4127 1146 4194 Vammm,
1160 4132 1256 4199 inquit,
1269 4136 1373 4204 religio-

239 4197 318 4264 τίρων
328 4213 365 4255 τε,
380 4195 423 4246 ubi
435 4197 499 4248 Cast.
514 4198 657 4271 ὑμετεράων
671 4199 784 4264 conjicie·
819 4219 832 4244 υ
843 4216 903 4249 num
920 4202 1025 4253 cultores
1036 4239 1042 4251 .
1053 4242 1059 4255 .
1070 4240 1091 4268 .‚
1109 4224 1170 4274 quos
1190 4209 1285 4278 Sibyll·
1304 4213 1372 4282 Ery·

239 4273 291 4335 bat,
305 4282 380 4322 recte.
396 4272 457 4322 Novi
471 4273 543 4323 codd.
558 4276 586 4325 ού
604 4277 712 4335 σπονδῆς
724 4279 784 4340 ἡμε-
818 4296 830 4319 ι
841 4275 917 4326 thraea
935 4280 1035 4343 κωφοὺς
1056 4283 1097 4333 καὶ
1119 4285 1240 4344 ἀνοήτους
1260 4301 1345 4341 vom.
1356 4312 1371 4337 υ

239 4348 325 4415 τίρησι
339 4347 402 4412 (εἰσ),
416 4348 482 4397 unde
500 4365 544 4399 nos
558 4349 618 4400 olim
636 4353 782 4417 ὑμετέρηρι,
816 4349 844 4400 ln
856 4353 977 4412 ἀνοήτους
990 4364 1071 4407 tumen
1081 4374 1126 4424 pro
1139 4361 1262 4421 ἀναύδους
1272 4379 1373 4419 memo·

239 4425 379 4490 conjectura
391 4439 441 4473 non
454 4424 511 4474 satis
525 4434 586 4475 tuta.
819 4427 860 4477 τίω
871 4428 966 4496 lapsum
980 4433 1060 4496 quivis
1072 4437 1189 4501 agnoscit.

272 4502 332 4553 991.
349 4497 411 4550 Novi
422 4499 495 4552 codd.
509 4501 607 4569 μιαρᾶς.
620 4500 723 4553 Videtur
735 4499 785 4554 huc
852 4507 910 4556 399.
929 4504 994 4556 Olim
1007 4511 1091 4561 πιστοί
1106 4512 1138 4575 τ’,
1147 4514 1277 4579 ἀγαθθνδὶ
1290 4519 1375 4583 awa.

237 4575 369 4645 rapuisse
382 4572 640 4654 Athmtgomslss.
818 4583 857 4635 θεν
871 4580 1101 4639 ἀπἀὐτῶνειιιιυσ
1115 4589 1187 4643 σωθῶ
1199 4599 1375 4666 numqui.
