3186 5310
633 486 847 550 PRAEFATIO.
1232 498 1297 548 xrn

181 615 317 702 scriptos
342 614 512 695 credimus,
539 617 635 707 longe
660 619 783 686 diversa
810 616 966 685 succurrit
991 615 1222 706 interpretatio.
1251 618 1299 682 Ita

183 719 269 785 enim
293 721 514 789 constituimus
542 724 627 790 hunc
655 726 761 793 locum
784 726 825 791 de
849 724 1025 808 Hadriano,
1053 723 1168 789 Judaeae
1196 722 1301 813 gentis

183 852 328 895 eversore
342 854 504 920 supremo,
524 833 601 910 388,
619 857 666 923 sq.
687 860 695 899 t

272 939 452 1004 Descendet
468 941 592 1006 subitus
608 964 669 1007 nec
685 942 783 1008 faudo
797 941 925 1007 auditus
942 941 1089 1032 in'agros‚

272 1046 392 1112 Felices
406 1070 500 1136 agros
515 1049 609 1127 Asiae‚
627 1050 819 1141 spectandus
837 1051 954 1116 amictu

273 1154 449 1243 Purpureo,
465 1154 514 1221 vir
528 1156 667 1246 iniquus,
685 1176 788 1242 atrox,
810 1157 984 1222 torrentior
1000 1155 1087 1244 igne,

273 1260 418 1326 Fulmiue
435 1264 623 1353 prognatus.
645 1267 739 1330 Feret
754 1264 828 1330 hinc
843 1263 979 1330 Asiatica
997 1261 1115 1328 durum

274 1368 373 1434 Terra
384 1372 510 1460 jugum,
527 1372 728 1462 multumque
741 1372 832 1439 bibet
845 1371 1023 1438 madefacta
1043 1393 1203 1438 cruorem.

184 1474 270 1540 Nota
285 1476 393 1542 Asiam
403 1477 485 1544 hica
501 1496 596 1568 poeta
609 1480 716 1546 vocari
728 1481 887 1572 praecipue
897 1478 1024 1569 quidem
1039 1479 1054 1542 J
1057 1478 1194 1560 udaeam,
1208 1476 1309 1544 sedet

187 1597 308 1648 ceteras
320 1584 405 1650 Asiae
413 1602 520 1675 partes
533 1610 550 1651 a
564 1587 580 1651 J
582 1587 679 1654 udaeis
691 1589 833 1654 turbatas
843 1604 918 1653 tunc
928 1603 1022 1676 atque
1030 1602 1207 1651 commotas
1224 1583 1309 1650 sedi·

186 1689 339 1773 tionibus,
364 1717 443 1783 quas
460 1695 642 1762 Hadrianus
656 1696 827 1764 saevissime
844 1695 1045 1786 compressit.

179 1878 186 1899 f
276 1799 341 1865 Sed
365 1817 472 1868 tamen
500 1803 586 1870 huuc
614 1804 708 1870 etiam
747 1804 852 1870 fatalis
881 1802 1020 1869 demetet
1050 1801 1166 1880 Orcus,

185 1907 348 1975 Selinunte
361 1933 491 2001 nempe,
509 1935 593 1976 anuo
612 1912 686 1991 138,

275 2018 316 2082 Et
326 2041 465 2107 quorum
476 2018 576 2084 voluit
585 2019 711 2108 prolem
722 2018 843 2098 delere,
857 2016 999 2108 perillus

275 2126 448 2214 Progenies
462 2127 553 2192 cadet
567 2126 635 2216 ipsa
649 2127 722 2205 viri,

188 2255 305 2320 nempe
318 2255 378 2321 per
394 2235 409 2296 J
413 2233 533 2312 udaeos,
550 2234 584 2298 iu
603 2257 667 2321 quo
687 2256 739 2299 me
758 2236 848 2320 juvat
872 2233 1073 2321 aliquatenus
1089 2252 1161 2296 cum
1177 2228 1310 2296 Ewaldo

186 2337 370 2403 convenire.
395 2340 464 2425 Fgo
492 2362 567 2403 vero
595 2338 721 2404 Judaeos
745 2338 891 2427 intelligo
912 2338 1024 2404 decem
1046 2337 1228 2403 Judaeorum
1250 2335 1310 2402 tri-
1406 2323 1409 2327 ¹

188 2443 251 2509 bus
268 2466 307 2509 ex
331 2443 454 2509 oriente
479 2469 553 2512 cum
579 2445 776 2512 Antichristo
799 2446 954 2511 redituras
973 2444 1014 2511 ad
1029 2443 1168 2511 Romani
1183 2443 1309 2533 imperii

188 2551 366 2641 perniciem
384 2575 392 2619 z
407 2575 502 2643 quam
518 2554 788 2644 exspectationem
805 2552 838 2618 in
854 2554 968 2642 vulgus
987 2553 1065 2618 olim
1084 2550 1227 2618 dissitam
1242 2568 1310 2617 tes-

193 2673 325 2739 uretur,
343 2657 404 2726 nisi
421 2660 570 2725 omnibus
586 2676 773 2738 comesset,
792 2659 968 2750 Sibyllinus
985 2658 1064 2725 liber
1077 2660 1122 2745 11,
1143 2681 1216 2749 171,
1235 2680 1306 2748 sqq.

136 2799 138 2803 ·
187 2768 323 2852 Confer,
341 2768 367 2832 si
386 2785 489 2847 vacat,
507 2770 583 2835 Exc.
601 2784 704 2834 nostr.
719 2768 778 2853 VI,
802 2791 876 2859 pag.
896 2768 975 2856 498,
997 2784 1030 2833 et
1049 2765 1254 2834 Malvendam
1268 2764 1309 2831 de

188 2871 413 2956 Antichristo,
438 2893 471 2942 et
494 2892 641 2942 auctores
655 2876 696 2940 ab
711 2884 757 2940 'eo
781 2874 904 2941 citatos.
927 2876 1017 2956 Haec,
1036 2877 1106 2964 ipso
1122 2872 1167 2939 sic
1181 2872 1307 2938 volente

186 3004 297 3063 sensu,
317 3001 391 3074 post
407 2985 606 3050 Hadrianum
625 2983 703 3049 lient
717 3009 725 3050 ε
740 3000 772 3049 at
786 2982 971 3073 quomodo?

740 3090 868 3181 Quippe
880 3113 944 3156 una
958 3089 1101 3155 mauebit

277 3198 325 3261 Ex
343 3196 413 3287 ipso
431 3197 536 3282 radix,
552 3221 649 3288 quam
665 3198 752 3264 Mars
765 3196 927 3263 homicida
942 3196 1064 3262 secabit

277 3306 381 3394 Atque
395 3328 513 3370 novum
532 3306 676 3371 sobolem
696 3302 786 3370 denis
801 3327 819 3368 e
833 3302 985 3368 cornibus
998 3302 1083 3369 edet.

188 3411 293 3477 Unam
307 3413 425 3503 quippe
441 3413 582 3478 radicem
597 3412 755 3502 relinquet
768 3410 823 3503 ille
837 3409 1087 3489 Antoninorum,
1105 3409 1303 3474 interituram

190 3517 378 3584 Antichristi
394 3518 492 3584 armis
509 3535 582 3609 post
600 3518 713 3584 decem
726 3541 862 3599 cornua,
880 3517 986 3596 idest,
1003 3533 1078 3607 post
1090 3515 1201 3583 decem
1214 3515 1303 3606 prin·

188 3623 276 3715 cipes
288 3650 306 3691 a
320 3627 517 3717 Vespasiano
539 3643 735 3706 numeratos,
752 3627 833 3692 sicut
847 3626 934 3717 ipsos
946 3625 978 3691 iu
992 3625 1143 3715 Apocal.,
1157 3647 1228 3714 cap.
1249 3647 1301 3713 17,

188 3730 251 3798 loc.
269 3732 339 3813 cit„
353 3734 514 3800 numerari
528 3732 686 3820 videmus,
707 3733 905 3800 hauddubie
924 3732 968 3799 sic
981 3731 1193 3798 recensendos
1209 3759 1217 3797 ι
1239 3748 1304 3798 tres

188 3838 325 3925 Flavius,
353 3841 469 3908 deinde
489 3843 641 3921 Nervam,
663 3843 846 3928 Trajanum,
868 3839 1078 3916 Hadrianum,
1105 3837 1303 3905 Antoninum

189 3947 317 4036 ejusque
344 3947 427 4014 filios
450 3948 617 4040 adoptivos
642 3948 820 4038 (Aurelium
843 3964 874 4014 et
899 3948 935 4012 L.
957 3945 1104 4034 Verum),
1130 3961 1203 4033 post
1230 3943 1302 4010 illos

188 4051 327 4144 denique
350 4056 509 4122 decimum
535 4055 777 4136 Antichristum,
801 4056 890 4147 quasi
912 4053 1122 4121 adventitium
1137 4074 1302 4119 successo·
1330 4060 1336 4077 “

187 4184 258 4227 rem
273 4161 350 4247 sive,
369 4180 405 4229 ut
422 4164 507 4254 apud
520 4187 580 4230 uos
594 4163 678 4229 infra
691 4181 834 4242 canetur,
856 4195 868 4221 a
884 4162 1038 4228 adnatum
1051 4185 1152 4227 cornu
1170 4191 1198 4224 ι.
1210 4159 1302 4225 Illam

190 4268 303 4336 decem
319 4294 475 4337 cornuum
485 4270 782 4362 interpretationem
792 4295 858 4337 nou
869 4269 1035 4336 fortuitam
1047 4292 1151 4360 neque
1164 4285 1302 4333 temera·

190 4376 271 4443 riam
286 4401 355 4443 esse
369 4395 536 4457 monstrat,
556 4378 712 4468 interpres
728 4380 796 4470 ipse
809 4377 870 4461 sui,
889 4393 1015 4443 sanctus
1031 4374 1217 4467 Apostolus,
1233 4372 1298 4439 loc.

189 4483 257 4572 cit.,
269 4508 401 4577 eamque
411 4487 517 4578 palam
526 4486 827 4578 amplectiturdivus
836 4485 1030 4577 Hippolytus
1039 4483 1079 4550 de
1090 4481 1299 4562 Antichristo,

185 4597 201 4672 5
232 4593 286 4672 52,
311 4595 355 4659 sic
379 4579 477 4663 latine
500 4595 673 4663 vertendus
696 4620 705 4662 z
734 4626 747 4654 a
772 4596 949 4686 Postquam
975 4591 1072 4684 igitur
1101 4591 1169 4658 acie
1191 4588 1304 4657 vicerit

524 4700 527 4705 ⁸
1144 4700 1162 4761 ὸ
