3186 5310
529 412 808 500 statuttttotuttt
830 414 901 474 LIB.
925 416 1000 475 xttt.
1268 409 1326 468 309

298 541 346 606 Nil
363 542 419 606 riti
439 543 558 609 zodiaci
574 546 769 634 sphaeraque
791 547 937 612 micantia
955 547 1043 635 signa

231 670 273 731 7⁰
297 648 489 731 Profuerint,
507 652 609 733 Aries,
623 655 759 733 Taurus,
772 653 923 742 sidusque
931 653 1121 743 gemellum,

297 756 337 818 Et
353 773 570 845 quotcumque
583 759 648 847 poli
666 758 850 824 revolubilis
866 784 923 825 axe
941 769 1100 840 rotantur,

298 866 418 931 Iudicia
433 869 599 951 horarum,
617 871 725 936 stellae.
746 873 814 952 Vae,
829 871 967 959 perdita,
983 871 1092 935 multis

297 974 448 1039 Consules
464 977 592 1058 frustra,
613 979 637 1041 si
656 994 779 1042 tantum
794 980 963 1041 accesserit
979 978 1050 1042 iste.

339 1083 432 1146 Nune
447 1083 517 1164 tibi,
535 1084 739 1166 Alexandria,
756 1108 880 1172 graves,
897 1087 974 1150 urbs
990 1084 1116 1165 bellica,
1133 1101 1252 1159 motor,

231 1186 271 1271 75
296 1188 406 1253 Praelia
424 1215 509 1254 nune
525 1190 582 1255 tibi
598 1216 678 1256 saeva
695 1215 806 1256 canam
825 1222 832 1255 ι
855 1216 928 1279 pars
941 1192 1059 1280 quippe
1071 1189 1190 1279 peribit

293 1293 409 1380 Magna
427 1295 607 1375 homiuum,
624 1297 709 1361 eires
723 1321 822 1384 quum
838 1296 975 1377 civibus,
994 1296 1127 1361 urbibus
1144 1297 1239 1360 urbes

296 1403 494 1466 Concurrent
510 1404 592 1467 odiis
610 1405 816 1486 immanibuS,
834 1404 930 1492 impia
945 1405 1049 1468 donee

298 1508 483 1597 Irr'umpens
497 1511 584 1574 Mars
603 1511 633 1574 in
648 1512 773 1576 medios
788 1514 961 1575 certamina
977 1511 1077 1576 sistat.

340 1616 445 1703 Atque
460 1616 505 1680 ibi
519 1616 567 1680 vir
585 1617 677 1682 fortis
692 1618 767 1681 lorti
784 1642 856 1682 eum
871 1618 959 1706 prole
974 1616 1093 1706 peribit

232 1718 274 1780 80
301 1720 433 1785 Artibus
450 1723 582 1787 occultis
595 1741 690 1812 atque
707 1724 881 1788 ambitione
899 1723 1000 1788 senili.

341 1827 418 1892 Post
433 1852 529 1916 quem
548 1829 612 1894 dux
627 1830 708 1895 alius
725 1833 835 1895 Ilomae
848 1828 991 1894 lloreutis
1004 1830 1105 1895 adibit

297 1934 484 2022 Imperium,
502 1936 550 1999 vir
567 1953 675 2000 mente
691 1954 804 2024 potens
818 1936 960 2024 bellique
973 1938 1106 2023 peritus,

296 2041 323 2102 E
337 2041 432 2105 Dacis
447 2059 548 2123 ortus,
569 2059 760 2106 tercentum
780 2042 910 2106 nomine
927 2041 1070 2130 signans,

296 2148 402 2232 Atque
418 2147 507 2235 apice
525 2148 656 2236 insignis
672 2165 799 2236 quarto,
817 2148 997 2236 multosque
1015 2149 1161 2226 necabit,

230 2251 269 2317 85
295 2251 358 2315 Sed
371 2276 484 2340 regum
497 2253 655 2343 inprimis,
672 2255 745 2318 lieet
760 2272 827 2318 atra
843 2255 876 2317 in
895 2271 1001 2318 morte
1012 2257 1197 2340 jacentum,

296 2361 471 2445 Cognatos,
488 2361 613 2444 fratres,
630 2361 745 2441 socios,
765 2360 947 2424 discrimine
962 2361 1063 2424 nullo.

297 2465 381 2528 Bella
398 2483 503 2530 tamen
518 2485 663 2556 surgent,
680 2485 712 2532 et
729 2468 844 2546 eaedcs,
860 2485 957 2555 atque
973 2467 1109 2557 rapinoe;

297 2574 397 2635 'l'otus
412 2574 455 2636 ob
468 2573 620 2638 amissum
638 2597 748 2662 regem
767 2573 948 2638 turbabitur
964 2574 1064 2638 orbis.

341 2681 449 2760 Quum
465 2703 540 2744 vero
553 2679 684 2745 insidias
698 2680 795 2745 tacita
809 2680 981 2745 meditatus
995 2681 1027 2745 in
1044 2682 1173 2757 umbra,

230 2808 273 2871 9⁰
297 2784 448 2848 llonrauis
463 2785 589 2874 ignotus
606 2787 719 2867 bomo,
735 2787 825 2875 Syria
842 2788 922 2851 urbe
936 2788 1113 2876 profectus,

294 2891 522 2979 Cappadocum
537 2892 616 2957 fines
630 2892 742 2957 subitis
760 2893 910 2957 invaserit
924 2895 1033 2975 armis,

296 2997 514 3085 Obsessusque
531 3015 668 3086 premet,
688 2998 763 3061 belli
780 3023 845 3062 non
860 2999 1007 3087 impiger,
1025 3023 1114 3063 arces
1131 3029 1138 3064 ;

295 3105 386 3167 Tune
400 3102 502 3188 robis,
519 3106 642 3191 Tyana,
660 3121 692 3167 et
705 3106 795 3169 robis
815 3122 903 3179 tuuc,
923 3107 1065 3183 Mazaca,
1081 3105 1185 3170 victor

296 3211 369 3273 lura
384 3210 486 3287 dabit,
504 3211 652 3298 colloque
664 3212 777 3297 jugum
792 3210 954 3299 accipietis
971 3211 1090 3293 lierile;

206 3434 282 3483 grace
299 3419 327 3478 II,
348 3436 464 3469 uumerus
484 3425 516 3471 ‘to
534 3422 663 3486 [obscum
683 3424 724 3473 sed
738 3422 803 3473 haud
824 3421 897 3471 dubie
910 3421 1081 3486 significatum,
1100 3421 1137 3470 vir
1149 3421 1254 3482 dolonn,
1269 3422 1329 3471 Asia

206 3512 302 3570 partem
315 3504 346 3553 ad
364 3513 459 3571 tempus
472 3508 616 3573 oeerrpalrit;
632 3507 689 3557 dein
703 3508 781 3558 rietus
794 3507 820 3556 in
832 3506 955 3557 Persidem
969 3506 1085 3572 aulugIet.
1099 3535 1129 3543 -

205 3687 306 3756 byllinis
322 3689 425 3745 inducti,
446 3706 524 3756 neque
535 3692 559 3741 id
579 3702 658 3743 tmen
669 3692 750 3742 ausuri
820 3687 860 3733 tto.
880 3683 958 3733 Codd.
972 3684 1115 3748 προφανήςε
1128 3680 1170 3730 sed
1184 3678 1229 3728 clr.
1246 3681 1287 3729 tt.

205 3762 255 3814 nisi
268 3764 293 3813 in
307 3781 378 3814 versu
392 3774 442 3814 tam
457 3765 580 3818 familiari.
818 3771 859 3819 ut.
880 3767 958 3817 Codd.
975 3767 1004 3816 ἐκ
1017 3767 1125 3816 καππαδ.

240 3842 280 3888 88.
300 3839 370 3888 Ilaud
385 3839 528 3890 absimiliter
540 3843 665 3894 ‹lesinebat
678 3862 749 3912 supra
818 3847 859 3896 92.
879 3843 926 3893 Pro
938 3846 1054 3898 πέσεται,
1068 3857 1098 3890 an
1110 3839 1192 3906 potius
1201 3838 1281 3888 πιέσει
1295 3839 1332 3887 rel

205 3916 751 3972 versus80.sedsensudirersissimo.qutro·
785 3920 884 3975 πιάσει,
906 3917 1017 3984 capiendi
1042 3932 1128 3975 sensu,
1152 3913 1332 3964 neoterieorum

205 4007 254 4056 que
271 3991 392 4057 πρότερον
415 4001 439 4039 et
458 3995 625 4060 πρεσΰύτερον
648 3999 750 4063 pseudo·
785 3998 871 4043 more?
885 3995 922 4042 Ilu
937 4009 994 4042 tero
1008 3994 1094 4057 πέρσα
1107 4006 1153 4056 pro
1163 3989 1300 4056 reportati?

205 4064 280 4115 attica
292 4075 357 4119 sunt,
372 4064 407 4113 uti
422 4066 473 4129 jam
490 4065 549 4115 alias
563 4072 707 4121 notavimus.
819 4075 861 4120 93.
879 4068 988 4118 Placeret
1002 4067 1077 4130 mups
1088 4069 1117 4126 δὴ
1128 4064 1190 4116 ’τότε
1204 4082 1253 4116 σοι.

240 4143 281 4191 89.
300 4138 751 4216 (ἑοᾶά.ἣνδ“ὁποῐαν(εἰο)ὃολιόμη.
819 4148 858 4193 or.
878 4144 954 4193 Codd.
979 4142 1005 4192 in
1026 4142 1073 4192 Irue
1098 4143 1182 4203 θήσει,
1202 4139 1267 4189 uude
1288 4152 1333 4187 uos

206 4233 242 4272 τις
260 4216 321 4282 ἀνὴρ
336 4217 375 4265 ἐπὶ
392 4217 474 4275 κλίνης
488 4217 550 4279 (sir)
568 4219 633 4283 ἔλθῃ.
652 4222 752 4274 Versum
786 4221 862 4282 θήσῃ,
883 4217 961 4267 media
979 4234 1055 4268 rore:
1072 4217 1156 4267 couler
1176 4216 1265 4264 lectum
1281 4214 1332 4278 jam

205 4291 231 4340 in
239 4290 287 4340 linc
296 4290 446 4340 restituimus
454 4292 540 4341 audaci
549 4295 699 4360 conjectura,
708 4318 752 4351 nec
787 4310 869 4343 versus
882 4293 956 4341 finem
976 4293 1049 4358 ζυγὸν
1071 4293 1153 4358 aazias
1179 4290 1257 4352 θήσῃ,
1285 4286 1334 4348 1¹¹·

207 4374 288 4415 tamen
302 4364 371 4415 nobis
379 4365 462 4424 dubia,
479 4384 566 4435 nempe
576 4381 603 4420 ut
614 4373 693 4424 verbis
704 4377 753 4426 ἀπὸ
788 4373 846 4421 ¹¹48.
862 4366 908 4418 sea
922 4377 947 4417 et
960 4366 1019 4418 alibi
1039 4366 1119 4431 aliter,
1140 4364 1187 4416 ὑπὸ
1202 4365 1274 4429 ζυγὸν
1288 4364 1333 4414 αὐ-

208 4441 305 4497 ιῑκὰδος
331 4440 446 4508 Cyriades
465 4451 582 4508 tyrannos
600 4447 752 4514 designetur,
787 4445 847 4511 χὲνα
861 4445 955 4504 θήσεις»
970 4443 1019 4499 XI·
1035 4446 1077 4503 Ill,
1090 4453 1137 4494 εἴθ·
1151 4438 1257 4491 Dubium
1266 4448 1333 4489 ΜΒ

208 4514 279 4579 cujus
294 4514 363 4567 litera
373 4516 403 4577 tt,
418 4532 534 4570 nummus
548 4524 588 4571 2⁰.
788 4519 859 4571 nobis
872 4529 908 4570 est
921 4521 1068 4584 πολύζυγον.
