3186 5310
631 394 683 456 su
703 394 848 456 ntssnutt
868 382 943 456 vul.
1286 387 1343 446 377

231 533 322 575 ornatu
333 525 477 583 camanum.
491 527 603 592 exemplo
616 543 642 577 se
654 528 729 587 tueri,
744 545 776 578 ne
801 526 944 577 difficultate
957 526 1061 576 multum
1074 524 1188 591 impedita
1201 521 1274 572 fnisse
1286 519 1346 570 seri·

232 600 276 651 illa
297 600 396 667 quidem
416 612 485 667 parte
506 602 602 652 vineia
623 618 776 669 quacumque
801 596 1345 667 hentisoratio,nisiquodsepiuslnartieulos

232 674 325 742 Sibylla
342 676 433 738 voluit;
457 677 512 739 red,
533 693 609 743 quum
626 677 716 727 librum
736 693 776 743 ag·
800 677 902 728 totidem
916 687 1067 743 quotrersus
1077 676 1187 735 dissecta,
1200 669 1346 723 minnsleni·

230 751 381 815 grederetur,
395 751 438 815 qui
452 751 568 802 hodieest
579 752 643 811 Vlll,
656 753 671 818 5
684 755 711 814 2,
724 768 776 818 spe·
801 762 839 802 ter
864 753 981 803 decurrit.
1002 752 1038 801 lle
1058 753 1127 817 cujus
1148 749 1246 816 singulis
1265 746 1345 797 verbis

231 824 321 874 cimino
344 826 450 892 quodem
471 826 584 877 Cumanae
603 827 662 878 artis
684 826 776 877 librum
800 829 858 893 quia
877 829 975 894 longum
988 837 1050 877 esset
1062 827 1187 887 disserere,
1203 837 1346 889 agramma-

231 899 301 948 illum
312 901 541 951 novuminehoavit.
558 901 616 951 lnde
629 902 680 952 haee
693 903 775 952 nostra
802 903 856 952 tieis
874 913 899 954 et
917 920 983 953 mere
1002 901 1154 969 philologieis
1173 906 1343 965 temperantes.

231 974 382 1035 acrostichis,
394 976 464 1026 nobis
474 993 538 1026 nunc
547 977 684 1027 accuratius
695 976 776 1027 diseu·
801 977 844 1026 uni
853 994 918 1027 nune
928 978 1065 1028 insistemus
1075 977 1168 1027 nomini
1177 974 1343 1025 ΧΡΕΙΣΤΟΣ.

232 1049 323 1100 tienda.
340 1050 467 1101 Materiam
483 1052 555 1118 hujus
571 1052 661 1102 laboris
673 1068 719 1102 nee
733 1053 775 1102 diu
801 1052 876 1119 llujus
898 1053 964 1103 enirn
987 1052 1153 1118 antiquissima
1173 1047 1346 1113 orthographia

232 1140 277 1174 nee
290 1125 360 1191 longe
372 1127 481 1191 quesivit
491 1137 577 1177 auctor
591 1127 698 1193 :primas
709 1127 775 1177 enim
800 1136 895 1178 etatem
914 1129 995 1178 firmat
1008 1128 1080 1194 hujus
1098 1126 1168 1186 libri,
1186 1125 1260 1173 dueta
1277 1123 1345 1172 vide-

231 1201 325 1266 accepit
338 1216 408 1251 voces
421 1218 476 1267 qne
487 1202 551 1267 apud
564 1201 775 1252 Christianesrul·
800 1202 858 1253 lieet
881 1220 895 1254 a
915 1202 990 1252 verbo
1010 1203 1086 1268 χρείω
1108 1216 1152 1267 pro
1179 1201 1256 1265 χρίω,
1275 1198 1345 1263 juxta

231 1275 357 1341 gatissimre
371 1285 429 1326 tune
444 1286 469 1326 et
486 1276 651 1327 sacratissimas
664 1276 775 1327 fereban-
800 1288 921 1329 vetustum
956 1294 1049 1328 morem
1089 1275 1211 1326 scribendi
1247 1289 1291 1339 per
1325 1288 1346 1322 ss

233 1359 290 1400 tur:
307 1353 421 1401 ΙΗΣΟΥΣ
441 1354 597 1401 nemrot
612 1353 695 1401 ΘΕΟΥ
704 1354 775 1403 ΙἸΟΣ
800 1352 979 1419 diphthongum
1003 1375 1010 1405 ι
1036 1352 1207 1417 quodcumque
1237 1349 1344 1412 longum.

232 1427 347 1476 ΣΩΤΗΡ.
374 1427 410 1475 Ae
424 1426 523 1476 tortasse
540 1426 574 1476 ihi
593 1427 699 1491 primum
717 1443 776 1476 eon·
801 1426 864 1478 Satis
877 1428 924 1479 hoe
945 1429 1018 1495 igitur
1031 1429 1061 1477 de
1080 1441 1157 1492 greco
1175 1423 1347 1474 testudictnm

232 1500 337 1559 stiterat,
358 1501 385 1550 in
406 1519 476 1552 uersu
498 1518 585 1568 nempe
599 1505 667 1552 tte:
689 1501 776 1551 deinde
801 1502 832 1552 sit
847 1519 854 1553 ι
870 1519 934 1553 nunc
954 1502 1046 1568 aliquid
1066 1500 1203 1551 addendum
1223 1498 1253 1548 de
1270 1497 1347 1547 latina

232 1591 317 1626 rocem
337 1593 410 1627 unam
430 1577 524 1627 addidit
543 1576 654 1626 fidelibus
677 1576 776 1626 illorum
800 1577 1002 1644 interpretatione
1022 1577 1123 1626 metrica
1144 1575 1194 1624 divi
1219 1571 1347 1638 Augustini

234 1659 371 1717 temporum
395 1653 472 1718 ipsam
492 1669 591 1718 quoque
612 1651 775 1701 venerabilem
801 1668 847 1718 ope
856 1663 960 1716 seruata,
969 1669 1022 1718 quae
1034 1651 1111 1709 nohis,
1121 1660 1149 1700 ut
1157 1649 1258 1705 Latinis,
1266 1647 1349 1698 notior

176 1724 179 1730 “
232 1729 368 1778 ΣΤΑΥΡΟΣ
379 1728 423 1790 (de
432 1744 480 1794 qna
487 1727 541 1776 ride
551 1737 603 1777 not.
618 1727 649 1776 ad
661 1727 701 1786 vt,
714 1731 775 1790 26);
801 1738 836 1789 et,
851 1739 878 1778 ut
889 1727 1026 1786 catholicis,
1039 1726 1217 1793 quedammodo
1230 1722 1346 1773 sanctior.

233 1818 265 1852 an
278 1811 307 1852 ut
314 1818 345 1852 ex
352 1802 467 1853 carminis
476 1803 547 1852 titulo
560 1818 656 1852 versum
670 1802 778 1852 efficeret
802 1803 945 1870 Quanquam
959 1805 990 1853 de
1003 1819 1115 1852 versuum
1135 1799 1300 1851 concinnitate
1316 1814 1349 1846 ne

233 1878 401 1943 spondaieum,
416 1895 473 1928 sane
486 1879 633 1944 pessimum?
643 1878 684 1928 vix
698 1879 776 1928 eredi-
801 1879 852 1945 ipse
863 1880 961 1946 quidem
971 1879 1040 1929 valde
1053 1877 1160 1927 defendit
1169 1892 1223 1926 cam
1236 1872 1350 1938 Augusti·

234 1967 297 2002 mers.
316 1951 403 2018 Utique
425 1954 501 2003 latere
512 1963 609 2019 poetam
626 1969 675 2002 non
697 1954 777 2019 potuit
802 1971 863 2011 nus,
885 1955 927 2020 qui
947 1970 992 2004 nee
1013 1952 1152 2018 interpretis
1172 1966 1261 2000 nomeu
1284 1948 1349 1997 indi·

150 2031 154 2037 ’
183 2070 186 2075 .
234 2045 265 2078 ex
279 2028 325 2079 hac
338 2029 364 2079 in
378 2030 458 2080 media
469 2029 630 2080 acrostichide
647 2029 715 2095 quasi
733 2045 777 2078 ee·
803 2039 858 2089 eat;
874 2029 1008 2080 tantumab
1021 2027 1155 2078 amicosihi
1169 2023 1349 2076 commodatam

233 2119 289 2153 sura
311 2103 471 2169 suspicions·
490 2106 609 2155 orituram
628 2104 715 2154 addite
736 2120 776 2154 re·
803 2105 874 2154 docet
889 2124 895 2155 :
909 2104 961 2154 ·1u
976 2103 1023 2169 his,
1038 2102 1133 2167 inquit,
1147 2101 1229 2151 latinis
1241 2097 1350 2148 versibus

234 2179 327 2229 centius
345 2180 485 2245 appendicis
510 2189 584 2245 atque
601 2179 657 2229 ideo
678 2178 777 2228 diverse
803 2201 815 2223 ι
828 2179 858 2229 de
876 2195 953 2245 grece
967 2189 1099 2244 utcumque
1117 2176 1248 2231 translatis,
1263 2184 1310 2224 ete.
1324 2197 1348 2225 n.

234 2254 341 2319 originis.
353 2255 405 2303 Hoc
415 2263 497 2304 tamen
505 2255 614 2320 neglecto
623 2253 777 2304 incommodo
803 2254 854 2305 Nec
865 2254 946 2304 minus
955 2264 1045 2317 tamen,
1063 2253 1110 2319 ipsi
1122 2262 1240 2317 tanquam
1255 2251 1349 2315 Augus·

233 2327 270 2378 uti
281 2329 444 2394 perseverarit
455 2329 539 2379 eadem
547 2328 714 2378 acrostichidis
726 2329 777 2379 lor·
803 2331 855 2380 tino
871 2329 1015 2387 tribuenda,
1035 2329 1100 2394 apud
1123 2327 1298 2388 occidentales,
1321 2334 1350 2374 ut

233 2418 283 2461 ma,
295 2403 372 2453 donee
381 2403 450 2453 istius
461 2403 552 2454 laboris
568 2404 640 2453 finem
658 2404 778 2456 indiceret
803 2406 918 2472 pleraque
937 2404 1125 2470 Augustiniana‚
1155 2401 1291 2469 proximam
1309 2416 1351 2450 sa-

233 2477 285 2543 ipse
295 2477 334 2527 his
347 2478 462 2539 versibus,
476 2482 536 2541 tte,
549 2495 587 2544 sq.
602 2493 609 2528 :
803 2498 850 2531 ern
872 2481 998 2548 scripture
1020 2479 1189 2530 auctoritatem
1207 2493 1252 2543 per
1270 2485 1349 2526 totum

229 2543 314 2609 ὓῦτος
327 2556 341 2604 d
353 2553 394 2605 νῦν
406 2555 556 2620 προγραφεὶς
568 2555 593 2604 ἐν
608 2554 775 2621 ἀκροστιχίσιν
802 2557 909 2608 medium
919 2572 996 2606 aerum
1003 2555 1122 2612 obtinuit,
1134 2571 1184 2604 non
1191 2552 1265 2602 citata
1276 2550 1349 2600 modo

232 2629 331 2694 Σωτὴρ,
344 2646 369 2679 κ.
385 2646 407 2678 τ.
422 2632 445 2680 λ.
630 2631 693 2686 θεὸς
706 2631 777 2693 ἡμῶν
802 2632 833 2681 ab
851 2630 993 2693 auctoribus
1013 2631 1125 2697 plurimis
1145 2627 1347 2696 gravissimisque,

231 2700 296 2763 Quid
307 2719 365 2753 vero
379 2703 399 2753 si
409 2720 459 2754 non
473 2703 539 2754 id·-
557 2702 649 2769 ubique
664 2719 777 2754 versuum
803 2707 844 2757 sed
867 2706 940 2757 etiam
963 2706 990 2755 in
1004 2705 1110 2756 eeclesiis
1129 2705 1259 2754 decantata
1283 2701 1349 2750 inter

229 2793 346 2829 numerus
355 2780 587 2846 exstatlllamapud
596 2780 680 2830 divum
690 2780 779 2845 hugus·
801 2782 887 2832 ferales
900 2781 1057 2839 cerimonias,
1070 2796 1168 2846 prorsus
1186 2778 1271 2828 eodem
1292 2775 1347 2825 loce

231 2853 321 2913 linum,
332 2856 362 2904 de
370 2854 422 2905 Γαῖ’·
433 2854 485 2914 Del.
496 2854 585 2914 XVlll.
595 2872 650 2923 eap.
665 2859 706 2912 23,
714 2854 778 2921 freg-
802 2857 905 2923 liturgia
912 2873 961 2922 qno
967 2872 1033 2905 nune
1040 2855 1145 2922 hymnus
1153 2853 1261 2904 canitur:
1272 2873 1285 2896 a
1293 2851 1349 2900 llies

231 2939 340 2979 mentum
346 2928 395 2979 hoc
404 2931 532 2990 citantem,
543 2947 572 2980 ex
583 2932 683 2997 ejusque
693 2930 740 2980 fide
752 2931 778 2979 in
802 2932 910 2992 irae‚etc.
919 2953 941 2981 n.
954 2931 1051 2981 llanent
1064 2929 1172 2996 lugubris
1182 2927 1248 2978 illius
1256 2923 1346 2976 cantici

231 3003 778 3072 latinismediierieuehologiis‚priortantum
803 3023 852 3056 non
875 3006 950 3057 verba
970 3015 1083 3062 tantum,
1110 3005 1151 3053 sed
1169 3012 1194 3052 et
1213 3001 1308 3051 numeri
1322 2999 1350 3049 in

231 3095 287 3144 pars
293 3080 459 3130 acrostichidis
466 3082 594 3146 reperitur.
604 3081 778 3146 lmputandum
803 3082 887 3132 multis
893 3079 1090 3144 euchologiornm
1098 3076 1269 3142 manuscriptis
1275 3091 1350 3125 asser·

169 3193 175 3199 .
231 3153 279 3204 hoc
293 3155 369 3206 latine
386 3156 516 3221 interpreti
536 3155 725 3222 Augustiniano,
736 3155 778 3221 qui
803 3157 869 3216 vati,
886 3172 931 3206 nee
951 3155 994 3204 diu
1008 3163 1065 3203 ante
1076 3153 1120 3203 hos
1136 3161 1231 3200 nostros
1249 3150 1301 3199 dies
1314 3158 1351 3215 ty-

231 3228 296 3280 ultra
310 3243 387 3281 mu
397 3230 488 3297 primos
501 3247 584 3281 versus
593 3231 777 3296 nonprocessit.
803 3233 841 3298 pis
855 3230 915 3281 editi
935 3246 949 3279 a
963 3228 1101 3279 doctissimo
1113 3227 1167 3276 viro
1178 3224 1348 3284 Conssmalrer,

232 3302 303 3366 Quod
315 3307 381 3357 ultra
393 3319 480 3357 mlv
489 3323 539 3357 non
545 3307 679 3373 perrexerit
693 3316 779 3357 auctor
804 3307 916 3373 inopere
931 3306 971 3354 cui
984 3304 1070 3354 titulus
1084 3321 1090 3352 :
1107 3302 1170 3352 Hist.
1187 3300 1217 3348 de
1227 3298 1351 3350 Illarmo·

230 3380 290 3446 ipse,
301 3397 347 3431 nee
355 3382 426 3447 queri
438 3398 484 3431 nee
494 3382 578 3432 mirari
593 3391 690 3448 oportet
703 3401 710 3433 ι
724 3383 780 3448 quis
804 3384 842 3431 m'e
850 3400 883 3430 ou
891 3397 975 3448 moyen
984 3383 1038 3446 rige,
1052 3377 1127 3427 Paris.
1140 3377 1212 3427 1852.
1223 3375 1287 3424 Satis
1294 3374 1351 3425 inde

216 3455 779 3524 ·enimeredatpropositnmipsiunquamluisse
804 3466 870 3524 patet
877 3465 996 3521 quantum
1005 3453 1207 3518 luerithodieque
1218 3451 1256 3509 sit,
1265 3451 1351 3501 saltem

232 3531 507 3583 totnmlihruminhane
517 3532 619 3583 sormam
628 3532 779 3599 producere?
804 3532 978 3598 antiquitatum
995 3545 1118 3579 sacrarum
1139 3527 1254 3584 curiosis,
1279 3525 1352 3575 nimis

231 3605 335 3672 Reliqua
352 3608 426 3673 igitur
443 3608 547 3674 simplici
561 3617 586 3658 et
602 3607 695 3674 vulgari
706 3608 779 3657 modo
804 3608 868 3659 heut
888 3605 980 3673 paucis,
993 3605 1059 3655 illius
1076 3602 1285 3669 interpretationis
1296 3617 1352 3667 pre-

232 3692 425 3748 persecotusest3
439 3693 465 3733 et
472 3683 525 3734 hee
538 3682 629 3745 omnia,
636 3683 716 3748 quoad
726 3699 781 3733 sen·
805 3684 880 3734 tium:
890 3697 973 3748 quam,
992 3696 1024 3730 ne
1039 3680 1117 3728 lector
1136 3677 1234 3728 aliunde
1249 3686 1353 3742 querat.

233 3774 286 3808 sum
299 3767 324 3807 et
333 3766 447 3819 metrum,
462 3775 507 3809 nee
521 3759 608 3809 melius
620 3773 665 3808 nee
674 3758 781 3808 deterius
806 3759 854 3809 hnc
874 3756 1042 3824 proleremus,
1064 3770 1119 3804 cum
1138 3752 1222 3819 graccis
1243 3768 1273 3801 ex
1299 3752 1351 3817 ipso

233 3848 306 3897 quam
323 3842 403 3883 cetera
415 3832 543 3900 Sibyllina.
557 3834 633 3884 Immo
645 3833 671 3883 in
681 3833 780 3884 acrosti-
805 3842 888 3885 nostro
902 3842 970 3883 textu
982 3829 1127 3897 querendis,
1145 3843 1200 3895 pag.
1220 3829 1279 3885 230,
1296 3842 1349 3892 sqq.

232 3908 345 3959 chiorum
356 3908 439 3959 labore
448 3925 497 3959 non
507 3909 687 3961 rideturaddita
696 3919 781 3976 sponte
806 3909 886 3972 laeile,
896 3908 917 3959 si
926 3908 966 3958 eui
981 3906 1084 3963 vacabit,
1099 3903 1301 3970 componendam.

368 4012 415 4061 217
434 4009 525 4060 ludicii
539 4011 634 4076 signum
644 4010 717 4059 tellus
725 4011 813 4061 sudore
822 4010 951 4060 madescet.

433 4094 452 4144 E
466 4095 527 4144 eoelo
540 4111 584 4145 rex
601 4094 715 4146 adveniet
734 4112 779 4162 per
795 4096 865 4146 saecla
877 4094 983 4152 iuturus,

436 4179 536 4229 Scilicet
547 4179 572 4228 in
588 4196 662 4230 carue
671 4195 774 4247 presens
784 4190 812 4231 ut
820 4179 915 4246 judicet
926 4177 1024 4234 orbem,

368 4267 417 4317 220
435 4265 504 4315 Unde
515 4263 593 4314 heum
605 4274 707 4315 cernent
726 4265 866 4315 incredulus
875 4273 948 4329 atque
961 4259 1038 4312 [idelis

436 4350 532 4399 Celsum
544 4364 600 4398 cum
614 4348 715 4409 sancus,
731 4349 775 4399 evi
783 4350 834 4415 jam
849 4347 952 4398 termino
966 4346 992 4395 in
1005 4345 1067 4412 ipse.

436 4432 475 4483 stc
487 4433 573 4484 animae
587 4449 643 4484 enm
656 4449 729 4484 earne
744 4435 856 4492 aderunt,
867 4447 927 4498 quas
938 4431 1031 4495 judicat
1046 4430 1111 4496 ipse,
