3186 5310
466 441 752 506 srsrmutonou
774 433 847 504 us.
869 440 920 520 nr,
941 432 962 523 ς
981 446 1013 504 r.
1114 499 1116 504 ,
1233 447 1290 505 res

170 576 235 641 660
258 574 327 638 Nec
342 572 448 638 minus
459 572 612 663 incipient
628 573 701 640 saevi
715 574 908 641 contendere
921 597 1013 664 reges

259 683 347 745 Inter
364 704 409 764 se,
427 704 608 771 magnoque
621 681 743 747 irarum
757 684 881 748 fervere
896 698 1001 747 motu.

258 786 381 852 Invidia
399 785 478 850 nihil
496 804 545 851 est
558 789 649 877 pejus
661 789 853 854 mortalibus
869 788 972 877 oegris.

302 896 386 984 Ergo
399 893 516 959 iterum
530 896 643 980 juncto
657 894 793 986 gentiles
810 895 937 985 agmine
948 916 1040 982 reges

258 1001 414 1066 Invadent
425 1018 544 1066 terram
560 1003 656 1088 hanc,
675 1004 777 1069 fatum
792 1003 854 1069 sibi
871 1003 960 1068 triste
972 1019 1132 1092 parantes.
1152 982 1160 998 ¹

170 1106 233 1172 665
259 1107 408 1197 Namque
422 1108 482 1172 Dei
494 1109 651 1198 templum
667 1110 798 1200 cupient
815 1109 963 1198 civesque
978 1109 1137 1175 verendos

257 1213 405 1302 Diripere
420 1213 543 1279 infestis
559 1215 719 1281 manibus.
738 1218 822 1281 Tum
838 1214 969 1305 pinguia
983 1239 1057 1279 rura

258 1320 410 1410 Ingressi‚
427 1337 567 1385 statuent
580 1321 657 1410 ipsis
671 1326 731 1389 sub
750 1323 907 1388 moenibus
924 1322 1011 1387 urbis

257 1431 354 1492 Aram
372 1428 506 1518 quisquc
522 1453 623 1509 suam,
641 1432 835 1521 propriaque
849 1431 882 1495 in
897 1430 973 1496 sede
987 1430 1134 1496 sedentes

256 1534 335 1602 Jura
349 1535 484 1601 dabunt.
501 1536 564 1602 Sed
577 1562 640 1603 vox
651 1539 804 1604 affabitur
817 1539 881 1603 alta
898 1536 1056 1603 Tonantis

170 1643 235 1730 670
258 1642 431 1728 Expertem
448 1643 564 1709 mentis
581 1646 750 1735 populum,
766 1649 931 1733 justusque
949 1661 1099 1733 reposcet

256 1747 382 1812 Judicio
396 1773 519 1838 poenas,
538 1769 672 1839 pereant
687 1769 723 1816 ut
741 1751 883 1816 funditus
897 1773 1009 1816 omnes

257 1855 378 1919 Dextra
392 1855 580 1926 immortali.
598 1860 761 1924 Labentur
775 1861 816 1924 ab
831 1859 949 1925 aethere
965 1858 1050 1924 celso

259 1962 297 2025 In
308 1978 427 2027 terram
443 1963 591 2029 ardentes
606 1966 715 2053 gladii,
733 1964 935 2055 flammisque
952 1987 1123 2030 coruscans

259 2069 361 2159 Supra
379 2070 547 2136 hominum
561 2074 690 2137 turbam
705 2073 794 2138 taedis
812 2073 902 2163 pluet
916 2073 1027 2159 igneus
1043 2071 1123 2139 axis.

169 2173 235 2261 675
305 2178 349 2239 At
363 2193 446 2241 terra
467 2177 671 2269 omniparens
690 2178 751 2242 illis
764 2178 881 2266 agitatu
897 2176 1010 2241 diebus

256 2279 377 2345 Sentiet
395 2281 543 2347 ultricem
561 2283 722 2360 dextram3
738 2283 903 2372 piscesque
915 2280 1043 2358 marini,

252 2390 496 2480 Terrestresque
509 2392 595 2468 ferae,
615 2391 709 2455 simul
725 2407 756 2454 et
769 2415 869 2480 genus
885 2412 981 2454 omne
996 2389 1172 2472 volantum,

256 2496 475 2585 Humanaeque
491 2520 604 2562 omnes
618 2497 743 2575 animae,
764 2515 796 2562 et
809 2495 910 2561 maria
930 2495 1188 2573 omnia‚'vultum

256 2601 332 2667 lruti
348 2622 479 2668 cernent
494 2605 784 2693 exhorrescentque
799 2602 967 2667 Tonantis.

167 2708 233 2773 680
257 2709 315 2773 llle
332 2711 512 2799 procelloso
528 2711 681 2777 sublimes
696 2712 815 2776 vertice
828 2727 958 2774 montes

256 2819 415 2906 Franget3
432 2820 621 2908 caeruleique
638 2820 733 2884 Erebi
752 2819 867 2884 domus
881 2818 944 2882 ima
960 2816 1094 2907 patebit.

258 2925 440 2990 Parturient
456 2925 587 2991 summis
602 2926 636 2991 in
649 2926 788 3001 collibus
804 2942 911 3002 antra,
933 2923 1075 2989 cruentis

258 3032 335 3095 Feta
350 3031 555 3098 cadaveribus
573 3056 581 3099 z
599 3034 775 3097 manabunt
792 3029 944 3118 sanguine
961 3047 1080 3106 cautes,

259 3137 506 3228 Implebuntque
522 3138 636 3228 procul
655 3140 787 3204 torrenti
802 3136 934 3202 llumine
949 3159 1092 3225 campos.

171 3244 234 3311 685
261 3247 305 3309 At
320 3245 416 3322 muri,
435 3247 538 3310 turbre
553 3245 678 3311 hostilis
696 3244 874 3309 munimina
891 3267 984 3318 vana,

259 3350 442 3440 Praecipites
457 3351 523 3417 labi
539 3370 722 3429 cernentur,
740 3351 870 3439 quando
886 3349 1025 3439 supremi

258 3459 278 3527 J
282 3482 317 3523 us
329 3459 497 3547 legemque
515 3458 575 3523 Dei
589 3458 747 3539 nescistis,
764 3475 796 3522 et
810 3457 928 3546 impete
943 3457 1029 3521 facto

258 3567 385 3647 Hastae,
404 3565 485 3630 heu!
504 3565 624 3646 miseri,
643 3582 784 3630 sanctam
804 3563 954 3629 vibrastis
972 3562 1007 3628 in
1025 3561 1138 3627 aedem.

259 3673 381 3737 Omnes
398 3695 475 3762 ergo
493 3675 579 3740 Deus
596 3672 685 3736 bello
700 3671 853 3736 multabit
872 3687 904 3734 et
921 3693 1009 3752 ense,

171 3778 236 3867 690
257 3777 385 3843 Diluvio
401 3776 494 3843 simul
511 3795 610 3868 atque
629 3777 719 3869 igni:
737 3794 806 3842 tum
825 3777 960 3866 sulphur
975 3777 1017 3841 ab
1031 3776 1097 3842 alto
1168 3867 1171 3873 Ι

259 3884 408 3973 Depluet‚
428 3902 461 3948 et
474 3884 607 3975 lapides,
624 3901 658 3950 et
672 3884 773 3950 denso
789 3882 918 3949 turbine
935 3882 1075 3970 grundo;

259 3989 575 4080 Quadrupedumque
590 4013 691 4079 genus
707 3990 872 4056 communi
888 3989 980 4055 clade
997 3988 1127 4080 peribit.

170 4184 252 4219 rerum
265 4169 379 4236 [judaico
391 4185 458 4220 more
471 4167 615 4226 intellectus,
626 4167 652 4219 id
661 4177 705 4226 est,
716 4167 772 4218 finis
783 4164 914 4234 impiorum
923 4167 1033 4216 omnium
1040 4175 1065 4216 et
1074 4166 1148 4217 totius
1156 4166 1241 4217 mttndi
1251 4181 1291 4217 re·

171 4253 339 4321 novitiol-
1286 4252 1287 4255 ’

205 4401 263 4461 672,
276 4416 313 4466 sq.
332 4400 400 4452 het.
414 4401 465 4462 vn,
482 4419 535 4469 cup.
557 4405 587 4453 ts
597 4416 605 4452 t
617 4421 630 4445 s
640 4399 716 4451 Cedet
747 4401 825 4452 multa
843 4399 940 4461 similis,
961 4400 1036 4450 ducta
1053 4397 1184 4465 presertim
1197 4414 1211 4447 e
1224 4395 1292 4448 Psal-

172 4494 185 4520 «
194 4485 295 4542 repente
306 4476 398 4543 glsdius
411 4493 425 4528 e
436 4478 504 4537 celo,
519 4486 567 4528 ete.
580 4497 593 4522 s
748 4476 794 4527 mis
805 4485 830 4527 et
841 4474 979 4542 Prophetis,
987 4484 1103 4540 tunquam
1112 4473 1184 4538 vulgo
1196 4473 1291 4540 cognita

205 4550 264 4603 675.
279 4550 398 4604 Resonet
413 4552 486 4615 inire,
502 4555 559 4613 tlt,
574 4552 619 4604 ubi
634 4551 717 4603 etalio
750 4551 839 4603 uostris
852 4551 879 4602 in
893 4549 1188 4618 uotispretermittentur.
