3186 5310
248 383 306 441 tto
569 384 828 444 ΣΙΒΥΛΛΙΑΚΩΝ
850 383 979 442 ΛΟΓΟΣ
999 385 1033 443 Δ.

353 529 430 595 ote·
444 528 493 595 ἐπὶ
508 525 632 621 ἄρσενος
646 523 732 621 ῦόριν
751 528 887 619 άπεχθέα
904 553 937 595 τε
957 530 1104 620 στυγερόν
1125 552 1170 592 τε.

276 635 316 699 35
357 608 403 699 θν
421 635 547 728 τρόπον,
567 629 703 708 εὐσεόίην
723 661 770 719 τε,
787 636 840 701 καὶ
858 635 933 707 ἤθεα
952 633 1052 725 ἀνέρες
1071 629 1160 698 ἄλλοι

353 742 475 810 Οὗποτε
495 747 693 833 μιμήσονται,
713 733 866 814 ἀναιδείην
886 741 1065 817 ποθέοντες·

353 837 429 915 Ᾱλλ’
448 849 560 925 αὐτοὺς
578 851 671 940 χλεύῃ
689 873 723 915 τε
737 846 851 940 γελωτί
864 873 897 913 τε
912 839 1119 939 μοχθίζοντες,

352 957 469 1028 Νιόπιοι
487 957 701 1050 άφροσόνῃσιν,
719 950 932 1043 επιψεόσονται
954 951 1086 1028 ἐκείνοις.

352 1046 430 1127 (λσσ’
448 1062 537 1129 αὐτοὶ
557 1057 700 1154 ρόξουσιν,
714 1056 847 1154 ἐπίψογα
865 1059 916 1126 καὶ
934 1057 1016 1126 κακὰ
1037 1059 1121 1150 ἔργα.

271 1173 315 1246 όο
352 1168 525 1234 Δόσπιστον
544 1167 602 1261 γὰρ
623 1167 704 1233 ἅπαν
724 1167 862 1256 μερόπων
883 1168 978 1258 γένος.
998 1153 1075 1231 itt·
1094 1165 1209 1231 ὁπόταν
1231 1157 1276 1239 δὴ

350 1274 478 1366 Κόσμον
497 1273 549 1341 καὶ
566 1275 680 1347 θνητῶν
702 1273 773 1367 ἔλθῃ
792 1270 898 1363 κρίσις,
917 1272 953 1346 ἢν
972 1272 1048 1347 Θεὸς
1068 1270 1160 1347 αὐτὸς

350 1382 489 1460 naiton,
507 1380 614 1471 κρίνων
637 1375 754 1460 άσεόεῒς
773 1379 838 1471 ἅμα
863 1384 890 1448 τ’
909 1373 1048 1452 εῦσεόέσς
1066 1402 1112 1460 τε,

349 1486 414 1554 Καὶ
428 1488 499 1554 τότε
516 1478 683 1564 θυσσεόέας
698 1488 751 1578 μὲν
766 1488 825 1551 ὑπὸ
840 1479 930 1577 ζόρον
945 1485 1060 1576 ἔμπαλι
1078 1477 1204 1574 πέμψει,

349 1593 412 1658 Καὶ
427 1594 493 1659 τότ’
512 1595 741 1686 ε’πιγνόισονται,
757 1595 829 1663 όοην
845 1587 983 1659 ἀσέόειαν
1002 1584 1103 1678 ἔρεξαν
1120 1615 1126 1628 ·

193 1684 212 1720 ί
269 1699 312 1779 45
349 1694 495 1776 Εὐσεθέες
517 1692 554 1765 ii
573 1709 710 1789 μενοῦσιν
730 1699 780 1765 ἐπὶ
800 1689 941 1790 ζείδωρον
961 1693 1107 1787 ἄρουραν,

349 1807 476 1896 Πνεῦμα
495 1809 574 1872 Θεοῦ
590 1797 711 1890 θόντος,
729 1798 807 1882 ζωόν
824 1803 848 1869 θ’
869 1805 934 1896 ἅμα
951 1801 1003 1869 καὶ
1026 1801 1114 1894 χάριν
1135 1806 1247 1879 αὐτοῖς.

349 1897 439 1976 Ᾰλλὰ
452 1908 494 1978 τὰ
511 1911 564 2001 μὲν
585 1903 702 2005 θεκάτῃ
722 1918 806 2004 γενεῇ
822 1910 908 2001 μάλα
926 1908 1028 1975 πάντα
1043 1914 1195 1975 τελεῖται·

346 2019 411 2083 Νῦν
431 2009 462 2082 θ’
475 2020 521 2085 ὅτ’
540 2019 601 2086 άπὸ
622 2022 747 2111 πρώτης
761 2026 862 2110 γενεῆς
881 2017 995 2097 ἔσεται,
1018 2006 1096 2080 τάδε
1108 2008 1162 2092 λίξ
1189 2062 1198 2077 .

399 2125 518 2217 Πρῶτα
538 2128 592 2216 μὲν
608 2115 753 2213 Ᾱσσιίριοι
767 2125 883 2197 θνητῶν
900 2117 1039 2213 ἄρξουσιν
1058 2122 1216 2200 ἁπάντων,

271 2231 312 2295 5ο
351 2208 397 2306 lii
411 2231 513 2322 γενεὰς
528 2233 654 2322 κόσμοιο
677 2223 911 2323 διακρατέοντες
934 2231 964 2294 ἐν
981 2226 1073 2319 ἀρχῇ,

347 2323 394 2413 E(
408 2333 454 2420 oti,
472 2339 656 2428 μηνίσαντος
674 2339 860 2428 ἐπουρανίοιο
879 2337 983 2417 Θεοῖο,

346 2441 479 2507 Αὐταῖσι
500 2444 606 2510 πολεσί
629 2469 665 2510 τε
682 2444 734 2509 καὶ
755 2444 953 2534 ἀνθρώποισιν
973 2440 1082 2522 ἅπασι,

346 2549 371 2613 Γ
373 2558 408 2622 ἣν
424 2544 556 2636 ε’καλυψε
571 2550 724 2631 θάλασσα,
743 2554 975 2640 κατακλυσμοῒο
992 2547 1146 2638 ῥαγέντος.

399 2651 463 2732 Οῦς
481 2646 587 2728 Μῆδοι
605 2656 783 2733 καθελόντες
803 2656 1010 2744 ἑπαοχησουσι
1029 2653 1186 2743 θρόνοισιν,

267 2761 307 2828 55
346 2755 402 2838 Οἷς
414 2759 513 2854 γενεαὶ
529 2753 584 2827 δύο
598 2769 725 2848 μοῦναι·
742 2762 788 2849 ἐρ’
801 2758 840 2825 ὧν
854 2752 931 2826 τάδε
946 2761 1068 2825 ἔσσεται
1085 2759 1159 2852 ἔργα

342 2863 410 2944 Νὺξ
429 2868 517 2932 ἔσται
536 2868 705 2933 σκοτόεσσα
726 2869 802 2960 μέσῃ
823 2867 865 2932 ἐνὶ
878 2868 998 2957 ἤματος
1019 2869 1081 2956 ὥρῃ
1097 2892 1105 2905 ·

344 2958 455 3062 Ᾰστρα
469 2965 497 3038 θ’
513 2974 568 3039 ἀπ’
583 2973 738 3065 οὐρανόθεν
750 2974 851 3061 λείψει
866 2971 917 3038 καὶ
932 2975 1032 3037 κύκλα
1045 2976 1191 3048 σελήνης·

342 3082 387 3154 Γῆ
403 3072 450 3155 δὲ,
464 3081 564 3166 κλόνῳ
578 3086 715 3169 σεισμοῑο
734 3082 935 3171 τινασσομένη
956 3077 1117 3170 μεγάλοιο,

340 3184 466 3264 Πολλὰς
485 3181 620 3280 πρηνίξει
638 3187 748 3263 πόλιας
767 3185 818 3251 καὶ
837 3186 897 3277 ἔργ’
912 3184 1091 3276 ἀνθρώπων·

262 3298 305 3362 60
344 3276 391 3360 Εκ
407 3286 442 3360 δὲ
463 3293 557 3379 βυθοῦ
571 3295 640 3361 τότε
658 3303 745 3366 νῆσοι
764 3288 969 3383 ὑπερκίψουσι
987 3290 1154 3370 θαλάσσης.

234 3545 268 3554 -
281 3521 321 3578 50,
333 3535 394 3585 ειμι,
405 3529 430 3569 et
442 3523 483 3577 54.
501 3536 552 3585 sqq.
569 3518 706 3586 Regnorum
720 3519 941 3584 antiquissimorum
954 3517 1127 3584 generationes,
1141 3517 1293 3584 Assyrionnn
1304 3536 1359 3583 tex,

234 3600 359 3652 Medorum
378 3603 445 3660 θυαε,
459 3603 504 3651 snb
517 3600 605 3669 quibui
619 3603 720 3669 [nempe
732 3603 776 3652 sub
790 3601 878 3668 Medis]
890 3601 973 3667 ingens
988 3601 1030 3650 stet
1043 3609 1162 3650 astrorum
1172 3601 1295 3681 deiectus:
1311 3603 1359 3670 [ιιι

234 3686 334 3753 respicit
344 3687 375 3737 ad
389 3686 499 3753 eclipsim
512 3703 527 3737 ιι
541 3685 642 3737 Thalete
656 3685 807 3736 observatam
819 3702 893 3748 anno,
913 3696 941 3735 ut
953 3685 1045 3743 ierunt,
1064 3686 1145 3752 esst]
1156 3714 1187 3722 -

266 3862 775 3930 δίκαι.λεσιθοείοηεειετεεμειίιΝΙΙ,
844 3867 889 3920 ⁴0,
907 3879 960 3928 sqq.
983 3863 1054 3912 Ilunc
1068 3872 1092 3913 et
1106 3880 1147 3912 εει
1167 3880 1232 3930 sqq„
1249 3881 1297 3914 uno
1311 3883 1356 3916 ex·

232 3954 287 4004 σιρ.
303 3941 358 3990 26:
383 3961 395 3983 «ι
414 3938 482 3989 Unde
494 3939 568 3989 etiam
582 3938 697 4004 quasdam
712 3954 779 3987 exse·
809 3947 880 4004 cepto
896 3942 943 4001 tt,
964 3939 1104 3988 Lactantius
1119 3938 1192 3989 habet
1213 3940 1276 3990 libro
1299 3940 1356 4001 Vli,

232 4034 245 4058 «
256 4013 359 4062 enbites
372 4012 498 4080 opiniones
511 4015 541 4063 de
557 4012 650 4078 pudicis
664 4023 689 4063 et
705 4012 778 4061 inno·
809 4031 855 4079 cap
874 4017 914 4070 23,
928 4015 1033 4063 muitum
1048 4024 1127 4063 tamen
1141 4015 1175 4063 ibi
1185 4015 1293 4065 variante
1307 4017 1358 4066 Ιεσ-

232 4109 244 4133 ι
257 4087 368 4138 centibus
385 4089 423 4150 (id
439 4098 490 4148 est,
513 4090 542 4138 de
559 4087 720 4150 Christianis)
732 4088 778 4136 fin·
809 4089 883 4149 tione,
894 4090 950 4140 iicet
966 4090 1044 4139 verbis
1055 4088 1123 4154 perti
1132 4091 1259 4151 momenti,
1269 4100 1294 4141 et
1305 4101 1356 4142 εει-

231 4186 244 4209 ·
253 4172 322 4231 gunt,
330 4173 355 4213 et
365 4163 469 4213 libenter
479 4163 576 4229 hisquae
583 4163 715 4224 finxerunt,
726 4178 778 4212 cre-
808 4163 853 4214 tim
867 4164 892 4213 in
907 4165 979 4229 hujus
991 4165 1071 4219 initio.
1087 4163 1144 4226 hoe,
1161 4165 1210 4214 ἀλλ’
1223 4167 1282 4216 όταν
1298 4166 1357 4228 ἤδη.

232 4241 330 4290 «dunt.
352 4259 364 4283 ν
387 4238 484 4289 Gentius
505 4256 563 4289 νετο
581 4238 682 4301 lustini,
704 4240 778 4289 εοεενί
845 4243 884 4290 tt.
902 4240 971 4290 Lan.
987 4241 1084 4295 σίσεόεῖς
1096 4239 1185 4304 θ’άμα.

231 4316 332 4383 qnippe,
358 4315 531 4372 testimoninm,
549 4315 621 4382 Apol.
641 4315 673 4378 ΙΙ,
696 4315 712 4380 S
737 4319 775 4371 tt,
843 4319 884 4366 43.
902 4315 970 4366 [σοι.
986 4315 1024 4364 ἐπὶ
1038 4316 1112 4379 ζόφον
1128 4316 1153 4364 ἐν
1167 4316 1225 4377 πυρὶ
1237 4316 1340 4381 πέμψει.

231 4400 295 4442 extr.
310 4408 316 4440 ι
331 4391 472 4450 Αλδίσθητε,
488 4388 505 4442 ἃ
521 4392 632 4458 φανερῶς
646 4392 778 4457 πράττετε,
844 4395 884 4441 tt.
903 4389 1022 4441 Deetthic
1034 4406 1117 4440 versut
1128 4391 1257 4440 Lactantio
1270 4399 1296 4441 et
1308 4407 1356 4442 no-

231 4466 266 4524 εθς
282 4467 407 4523 ἀναιτίους
429 4465 602 4532 ἀναφέροντες,
618 4484 643 4518 ιι.
659 4483 681 4517 τ.
699 4468 722 4516 λ.
811 4465 927 4516 νἰοεοόθ.
