3186 5310
514 430 798 494 suiuuuuuuu
818 433 893 494 uu.
916 431 1026 514 vlup
1041 437 1069 497 1.
1297 437 1356 499 uu

321 569 415 632 Tunc
430 566 491 630 erit
507 563 541 629 iu
556 564 663 630 medio
681 564 745 630 vita
765 566 929 652 omnibus,
948 584 980 632 et
992 568 1080 633 bonu
1092 568 1187 637 uitae:

321 675 484 764 Terraque
499 696 558 763 par
574 673 709 752 cunctis,
728 671 795 737 siue
814 697 907 738 muro
921 691 978 740 aut
992 674 1122 766 sepibus
1136 675 1223 756 ullis,

237 806 299 848 uio
323 782 373 847 Ne
387 781 486 846 divisa
502 779 646 872 quidem,
662 780 773 870 plures
787 781 869 846 feret
884 782 986 848 ubere
1000 783 1142 873 fruetus3

323 889 365 953 Et
380 887 466 953 dulci
478 885 554 952 vino
567 885 674 951 fontes
690 886 842 978 dulcique
858 886 994 955 fluentes

322 997 418 1061 Lacte
437 993 540 1073 dabit,
559 992 729 1083 mellisque
771 1043 1221 1066 ..........

322 1208 544 1300 Iudiciumque
561 1207 620 1274 Dei
638 1207 749 1274 aeterni
790 1258 1096 1279 .......

367 1319 527 1408 Tempora
545 1314 602 1382 sed
621 1331 792 1406 postquam
810 1317 898 1383 Deus
914 1317 1093 1415 iuimutarit
1122 1371 1130 1388 .
1172 1373 1178 1386 .
1219 1371 1226 1384 .
1270 1369 1277 1384 .

237 1426 299 1490 215
324 1426 371 1490 Eu
391 1426 498 1491 hieme
515 1419 661 1490 aestatem
674 1423 804 1508 faciens,
826 1441 903 1491 tunc
917 1426 1026 1492 omnia
1060 1480 1068 1496 .
1109 1479 1117 1496 .
1156 1479 1164 1494 .
1204 1480 1212 1495 .

325 1641 435 1724 Quum
449 1663 528 1705 uero
546 1636 703 1703 occiderit
716 1636 857 1705 mundus
893 1689 1249 1710 ........

268 1863 326 1920 211,
335 1874 389 1925 sqq.
401 1856 498 1906 Pariter
508 1855 573 1906 libro
582 1853 611 1917 V,
622 1856 684 1914 299,
695 1853 748 1906 ἀντὶ
757 1853 783 1904 u
850 1859 909 1908 215.
926 1857 953 1907 lu
967 1858 1016 1909 fine
1026 1859 1104 1927 suppl.
1119 1858 1200 1908 πάντα
1210 1856 1324 1915 τελεῖται,
1339 1863 1369 1906 ut

232 1936 355 2005 χειμῶνος
364 1935 434 2000 θέρος
447 1934 556 1984 ἔσσεται.
571 1931 610 1982 Au
623 1931 672 1981 huc
684 1945 783 1996 quoque
816 1931 876 1982 alibi
896 1933 921 1983 in
942 1934 1068 2002 Sibyllinis
1088 1943 1114 1985 et
1131 1933 1187 1985 loeo
1206 1933 1266 1984 hinc
1284 1931 1366 2000 pulum

232 2009 360 2063 referenda
372 2011 465 2075 καιρῶν
479 2009 589 2073 ἀλλαγῑη,
606 2005 639 2065 ll,
661 2009 724 2057 157?
736 2003 783 2056 Re·
817 2007 901 2070 ducto,
911 2008 974 2068 xlv,
988 2014 1046 2061 291.

233 2087 311 2156 spexit
324 2085 355 2135 ud
373 2085 440 2135 huuc
460 2085 542 2134 locum
563 2077 713 2143 Laetiutiuu
728 2080 782 2143 Vll,
851 2085 908 2135 216.
931 2085 1007 2136 Cudd.
1028 2085 1128 2152 quidum
1147 2085 1252 2149 κόσμον.
1272 2082 1366 2149 Seque·

233 2180 287 2231 cup.
302 2165 332 2213 16
348 2177 355 2213 :
371 2182 384 2207 a
394 2160 449 2212 Fiet
462 2160 529 2211 enim
541 2159 579 2210 vei
590 2168 659 2210 ηοω
668 2156 785 2209 iuhieme
817 2158 907 2209 bantur
916 2161 992 2211 multa
1000 2178 1066 2211 nuuc
1077 2160 1235 2212 desiderandi
1243 2159 1274 2211 de
1283 2174 1366 2210 rerum

235 2261 248 2286 a
257 2239 296 2289 vel
304 2238 382 2290 hiems
394 2236 422 2287 iu
433 2245 549 2287 estate.»
818 2243 883 2285 amu
896 2247 951 2305 poet
964 2237 1051 2288 muudi
1064 2237 1146 2288 finem.
