3186 5310
418 454 701 518 sursumsunt
722 456 795 519 us.
816 456 894 531 vul,
916 453 936 535 a
957 457 985 516 t.
1209 455 1267 518 aas

238 590 280 654 Et
292 588 446 679 naphtha,
467 587 657 680 liquidoque
673 589 847 670 bitumine,
867 588 987 655 sulfure
1002 603 1035 654 et
1049 586 1113 679 igni

238 696 420 787 Dispereas,
439 696 620 787 ardensque
634 696 714 764 cinis
728 722 786 787 per
800 698 914 763 saecula
933 695 1008 776 fias,

237 805 277 868 Et
295 820 328 868 te
340 803 475 894 quisque
486 804 612 890 videns,
630 803 783 896 lugubres
797 805 908 871 audiat
922 804 988 870 imo

151 909 211 977 105
236 912 284 976 Ex
298 913 382 977 Orco
399 913 558 1003 planetus,
574 912 749 1003 dentesque
766 912 906 979 immane
922 930 1102 1003 crepanteS,

235 1020 347 1110 Teque
368 1020 493 1110 impura
510 1021 573 1085 tuis
590 1021 779 1087 tundentem
791 1038 923 1110 pectora
940 1020 1066 1110 pugnis.

280 1126 349 1191 Illic
363 1151 428 1192 nox
443 1129 557 1193 eadem
572 1128 709 1212 eunctis,
728 1128 944 1219 locupletibus
959 1145 1054 1218 atque

234 1233 445 1325 Pauperibus.
462 1233 547 1301 Nudi
563 1260 580 1300 e
599 1254 696 1317 terra,
713 1236 791 1302 nudi
809 1260 938 1327 quoque
955 1252 1075 1303 terram

234 1343 261 1406 E
279 1340 343 1406 vita
358 1358 521 1433 repetunt,
538 1360 711 1433 postquam
732 1345 831 1410 breve
849 1342 958 1409 delicit
976 1367 1089 1418 aevum.

150 1472 211 1514 110
235 1449 304 1515 lllic
321 1472 526 1534 conservus,
543 1474 606 1514 uon
623 1468 671 1515 est
687 1452 784 1517 herus
798 1468 895 1541 atque
910 1468 1076 1541 tyrannus,

234 1556 309 1621 Non
327 1580 395 1636 rex,
412 1580 479 1621 non
492 1557 574 1623 fastu
592 1557 657 1622 dux
673 1559 794 1644 ebrius,
813 1576 868 1624 aut
883 1558 967 1624 mala
987 1559 1094 1648 lingua

235 1663 408 1748 Causidici,
420 1680 475 1730 aut
487 1665 587 1750 judex
602 1689 681 1731 auro
694 1665 749 1756 qui
765 1666 925 1755 ponderet
942 1690 1079 1757 aequum.

235 1772 305 1838 Illic
320 1771 422 1837 libato
434 1796 502 1838 non
519 1772 654 1862 tingitur
667 1797 722 1838 ara
739 1798 872 1851 cruore;

235 1882 400 1970 Tympana
417 1905 484 1945 non
501 1898 665 1962 resonant,
682 1864 937 1972 non'cymbala.
964 1933 971 1948 .
1005 1930 1013 1946 .
1042 1925 1050 1941 ·
1083 1931 1091 1947 .

151 1987 210 2054 115
235 1987 330 2053 Tibia
343 1987 500 2054 multifori
518 2012 577 2053 nec
594 1990 706 2054 turbat
718 2005 850 2082 pectora
867 2005 979 2074 cantu,

235 2096 304 2162 Nec
317 2094 415 2162 lituus
427 2094 533 2161 forma
548 2113 651 2162 tortos
663 2095 809 2162 imitante
824 2095 995 2180 dracones,

234 2204 304 2270 Nec
324 2204 400 2269 tuba
416 2201 588 2268 barbarico
601 2203 707 2269 sonitu
724 2203 904 2294 praenuntia
920 2203 1008 2274 belli.

235 2312 311 2377 Non
326 2311 466 2394 ohoreae,
481 2334 547 2375 non
564 2311 715 2394 ebrietas,
732 2336 799 2376 non
813 2310 897 2376 foeda
909 2311 1026 2397 libido,

164 2422 166 2431 ’
235 2421 310 2485 Non
327 2417 458 2484 citharae
473 2442 582 2502 voces,
601 2442 665 2484 non
681 2443 788 2509 pravae
805 2417 961 2484 industria
976 2416 1114 2499 fraudiS,

150 2550 212 2593 120
236 2532 300 2592 Aut
313 2525 380 2590 fera
398 2525 543 2604 dissidia,
562 2543 618 2591 aut
630 2525 787 2592 versatilis
800 2524 846 2590 ira
858 2553 866 2603 3
883 2550 989 2617 neque
1002 2551 1098 2594 enses

234 2633 386 2698 Defimcti
401 2650 555 2717 tractaut3
573 2657 745 2698 commune
762 2631 819 2698 sed
834 2634 985 2700 omnibus
1004 2659 1121 2717 aevum,

235 2741 378 2807 Carceris
393 2740 542 2806 immensi
556 2758 678 2824 custos,
700 2740 732 2805 in
748 2740 868 2807 Judicis
885 2741 1013 2811 horam.

237 2961 326 3023 Auro
341 2974 396 3022 aut
408 2974 544 3046 argento
563 2955 644 3022 fictis
658 2974 714 3022 aut
729 2981 891 3022 marmore
909 2957 1008 3046 signis

237 3067 318 3156 Ipsae
333 3089 391 3131 vos
404 3081 529 3142 ornate,
546 3063 634 3128 diem
651 3080 687 3128 ut
700 3063 841 3129 subeatis
856 3081 1012 3135 atrocem.

153 3175 213 3239 125
237 3174 299 3239 Sed
316 3195 437 3263 poenas,
455 3196 474 3237 ο
492 3174 608 3257 Roma,
627 3188 710 3249 tuas,
727 3171 959 3261 gemitumque,
976 3172 1185 3264 doloremque

237 3280 404 3370 Aspicient
421 3278 570 3368 primum.
589 3283 654 3345 Nec
666 3280 733 3365 jam
749 3294 805 3343 tua
823 3278 928 3343 vincla
946 3278 1102 3345 subibunt

237 3390 301 3452 Aut
316 3386 426 3476 Syrus,
446 3402 502 3449 aut
514 3383 656 3464 Graecus,
675 3407 732 3449 seu
744 3383 903 3449 barbarus
917 3402 972 3450 aut
989 3385 1069 3452 alius
1084 3387 1168 3477 quis.

235 3492 405 3582 Diripiere,
421 3492 554 3582 luesque
570 3491 690 3556 malum
706 3493 934 3582 quodcumque
948 3496 1096 3583 patrasti,

235 3601 362 3679 Infelix,
383 3618 416 3666 et
431 3600 510 3665 dum
524 3599 715 3689 persolveris
731 3600 850 3679 omnia,
870 3599 982 3680 flebis;

151 3708 213 3774 130
235 3709 368 3799 Jamque
385 3708 567 3798 triumphus
584 3705 647 3773 eris
661 3707 764 3786 victiS,
778 3709 848 3793 jam
862 3709 1002 3776 dedecus
1017 3711 1101 3776 orbi.

230 3822 237 3834 '
281 3814 359 3880 Inde
376 3814 566 3880 Latinorum
580 3837 694 3903 regum
709 3838 786 3904 gens
802 3832 904 3907 sexta,
925 3840 1076 3907 supremo

146 3978 210 4032 llxiu
222 3992 300 4047 quum
315 3987 382 4028 sexta
396 3992 479 4042 regum
492 3960 616 4043 generatio
629 3976 747 4027 occiderit
762 3977 959 4041 [Antoninomm
978 3994 1075 4044 nempe,
1094 3980 1136 4029 sed
1150 3979 1273 4046 quomodo

146 4065 306 4123 numeranda,
315 4063 418 4114 dubium
428 4063 488 4127 est].
504 4061 556 4112 Rex
570 4061 670 4112 aliusex
679 4061 763 4112 eadem
777 4063 881 4128 [nempe
896 4061 1088 4128 usurpatore
1102 4067 1274 4119 totodomiua·

145 4152 214 4204 bitur
229 4151 298 4213 orbe,
312 4151 412 4216 ejusque
423 4159 477 4217 post
491 4148 570 4216 ipsum
585 4149 657 4216 stirps
671 4150 824 4216 incoucmsa,
838 4147 894 4198 filiis
907 4166 936 4199 ex
951 4149 1007 4199 filiis
1024 4152 1222 4213 renascentibus}
1238 4155 1274 4205 sic

145 4235 211 4289 mim
231 4235 348 4286 divinitus
365 4234 518 4303 praedictum,
537 4243 666 4300 postquam
682 4249 748 4300 reges
768 4233 908 4300 quindecim
923 4234 964 4300 [id
982 4245 1027 4297 est,
1046 4235 1148 4288 Romani
1170 4238 1272 4290 totidem

145 4367 269 4428 arlttodt',
288 4367 382 4425 πόλεις,
402 4365 535 4431 κοσμεῖσθέ
552 4381 579 4414 τε
597 4365 692 4427 πᾶσαι,
764 4367 818 4415 129.
838 4364 874 4414 Ex
896 4365 1027 4427 blanhac,
1048 4384 1103 4435 cap.
1121 4371 1164 4432 ts,
1186 4387 1210 4421 v.
1232 4375 1274 4424 34.

144 4443 209 4494 sicut
219 4443 267 4503 ΙΙΙ,
282 4446 324 4504 58,
338 4443 392 4493 loeo
402 4441 557 4492 hiucductc.
725 4437 776 4493 cfr.
792 4439 821 4500 V,
840 4443 887 4504 90,
909 4451 934 4492 et
955 4453 1062 4508 quatuor
1081 4445 1180 4497 ultimos
1200 4446 1276 4498 libros

181 4521 238 4572 125.
256 4518 335 4572 Gudd.
359 4517 458 4584 quidam
481 4517 622 4585 πρότερον,
649 4515 693 4566 ubi
727 4516 825 4583 passim.

146 4594 212 4663 vulg.
221 4603 299 4649 anot
310 4594 421 4661 πρώτην.
764 4594 819 4644 tat.
839 4592 917 4646 Codd.
932 4593 1037 4662 aliquot,
1048 4596 1136 4650 Ικτοτέ
1148 4616 1177 4666 γι
1191 4601 1245 4652 lar.

166 4786 172 4816 t
