3186 5310
436 450 446 481 '
618 450 828 513 PRAEFA'HO.
1037 454 1040 459 “
1249 463 1280 509 11

168 585 291 674 (confer
316 584 393 665 350,
417 607 503 673 sqq.;
527 584 604 662 356,
631 608 718 673 sqq.;
748 585 828 664 364,
859 590 941 663 412;
968 582 1045 661 464,
1072 579 1169 670 sqq.);
1194 604 1279 647 nuno

169 692 312 757 involuto
336 690 448 780 magis,
468 691 525 755 sed
543 707 649 755 tamen
670 691 756 757 haud
776 690 876 755 dubio
892 713 997 767 sensu,
1020 688 1100 752 sicut
1118 687 1197 752 locis
1216 687 1280 752 suis

170 799 367 880 ostendetur,
383 798 458 879 lad,
474 822 560 886 sqq.;
577 799 654 880 330,
665 821 750 886 sqq.;
769 798 845 878 381,
862 821 945 886 sqq.;
961 797 991 859 in
1003 817 1126 859 summa
1137 793 1281 859 versibus

168 908 234 972 fere
257 907 298 974 38
324 930 362 971 ex
390 910 463 993 194,
480 907 511 971 id
530 922 589 984 est,
610 905 719 995 quinta
735 906 801 970 fere
818 903 966 969 carminis
982 918 1084 993 parte.
1104 903 1181 966 Haec
1202 900 1280 966 mibi

157 1015 269 1105 'prima
285 1014 344 1078 luit
357 1011 523 1077 dubitandi
541 1030 572 1076 et
591 1013 767 1101 suspicandi
784 1013 888 1103 origo.

212 1122 335 1187 Deinde
365 1144 429 1184 non
455 1120 604 1185 eumdem
631 1121 670 1185 de
700 1120 764 1185 istis
791 1121 887 1184 rebus
914 1119 1028 1206 agnovi
1052 1117 1279 1182 sententiarum
1313 1166 1314 1169 η

168 1229 322 1293 colorem.
338 1229 422 1293 Nam
442 1228 473 1292 in
488 1227 630 1316 partibus
649 1236 696 1308 §a
713 1243 744 1291 et
759 1232 791 1307 4,
810 1229 922 1289 Romae
941 1224 1062 1289 mentio
1079 1224 1115 1288 lit
1129 1239 1279 1311 tanquam

167 1335 371 1424 praepotentis
385 1359 471 1416 sane,
490 1334 631 1399 nondum
647 1351 752 1399 tamen
765 1351 917 1423 tanquam
929 1332 1021 1397 unius
1034 1330 1195 1419 soliusque
1208 1328 1279 1394 orbi

167 1458 324 1505 terrarum
338 1439 534 1530 imperantis.
553 1443 658 1505 Immo
675 1442 812 1529 superba
829 1440 881 1504 illa
898 1462 975 1527 gens
985 1439 1035 1502 vix
1053 1437 1143 1501 aliter
1156 1458 1280 1500 memo·

168 1562 253 1611 ratur
277 1569 373 1634 quam
387 1548 429 1610 ob
454 1545 617 1611 avaritiam
638 1547 684 1633 (id
698 1572 780 1638 saepe
797 1546 949 1612 Romanis
970 1569 1028 1636 per
1047 1567 1158 1609 omnes
1175 1542 1280 1633 Sibyl·

165 1653 247 1719 linos
269 1654 370 1719 libros
382 1654 607 1743 exprobratur)
623 1672 655 1719 et
670 1657 712 1719 ob
730 1656 855 1744 rapinas
880 1654 961 1719 intra
989 1651 1143 1717 Graeciam
1166 1674 1280 1741 perpe·

165 1777 275 1843 tratas,
289 1762 379 1826 bellis
393 1785 508 1849 nempe
519 1762 733 1829 Macedonicis
751 1780 783 1827 et
797 1762 956 1844 Achaicis,
970 1785 1108 1851 quorum
1124 1757 1280 1824 memoria

165 1865 380 1931 recentissima
392 1884 473 1948 erat,
493 1869 612 1957 paucis,
633 1870 723 1954 juxta
741 1895 810 1949 nos,
833 1871 924 1935 annis
944 1870 1096 1934 anterior.
1118 1869 1155 1932 In
1174 1865 1279 1930 media

166 1989 272 2037 autern
288 1992 388 2062 parte,
405 1982 419 2056 5
435 1975 467 2056 3,
482 1976 577 2042 nullis
593 1978 723 2043 Graeciae
736 1994 797 2041 aut
818 1981 955 2067 Europae
974 1977 1126 2042 limitibus
1143 1974 1280 2040 circum·

167 2079 315 2144 scribitur
332 2081 416 2146 illius
439 2083 572 2147 civitatis
593 2085 746 2172 potentia,
775 2085 831 2149 sed
853 2116 865 2140 a
887 2108 949 2172 qua
974 2085 1020 2149 sol
1050 2084 1152 2148 radiat
1176 2097 1279 2146 totum

166 2186 274 2273 regina
297 2211 353 2276 per
367 2189 479 2253 orbem
498 2221 511 2244 »
529 2191 595 2254 sine
611 2191 722 2254 aemnla
739 2190 935 2270 dominatur,
953 2191 1030 2271 385,
1047 2213 1118 2277 sqq.

209 2294 300 2357 Juvat
325 2293 421 2358 etiam
443 2296 645 2360 considerare
666 2319 761 2384 quam
781 2296 906 2361 diversa
928 2319 987 2384 pro
1012 2292 1145 2360 diversis
1166 2293 1282 2359 sectio-

166 2398 260 2462 nibus
270 2400 412 2463 Romana
423 2399 599 2489 respublica
617 2400 763 2489 fingatur.
774 2402 855 2467 Nam
874 2402 906 2466 in
921 2401 1061 2467 secunda
1076 2416 1167 2490 parte
1181 2400 1281 2465 libem

168 2504 272 2571 adhuc
296 2522 328 2569 et
344 2507 391 2571 sui
406 2529 539 2596 compos
560 2509 746 2597 obsequitur
765 2509 857 2603 unice
875 2508 997 2575 senatui
1009 2532 1079 2590 suo,
1095 2508 1168 2595 175,
1181 2530 1252 2597 sqq.
1271 2536 1279 2572 z

255 2614 331 2678 Post
344 2612 429 2679 aliud
444 2638 578 2703 regnum
593 2615 734 2706 incipiet,
753 2640 830 2705 gens
844 2617 985 2682 vestibus
1000 2616 1085 2696 alba,

252 2721 423 2811 Multiplici
439 2723 555 2812 capite,
575 2741 638 2792 etc.

167 2829 203 2892 ln
221 2829 313 2893 tertia
330 2847 436 2894 autem
451 2847 539 2914 parte
558 2831 636 2920 quid
654 2832 739 2897 aliud
757 2855 853 2921 quam
869 2832 997 2898 subdita
1016 2831 1153 2898 dominis
1177 2846 1280 2919 paret,

167 2936 314 3002 dominos
329 2937 389 3002 sibi
406 2937 572 3026 impositos
585 2938 724 3006 vicissim
737 2956 852 3020 mutat,
866 2963 904 3005 ac
914 2940 954 3005 de
966 2939 1113 3028 imperio,
1130 2954 1281 3026 tanquam

167 3044 207 3109 de
221 3042 351 3132 nuptiis,
367 3044 596 3110 contendentes
611 3046 706 3111 viduo
722 3046 839 3134 excipit
851 3046 1004 3126 thalamo,
1023 3046 1100 3126 356,
1117 3068 1186 3134 sqq.
1205 3072 1212 3108 ι

254 3149 283 3212 Ο
299 3149 403 3214 mollis
421 3150 574 3241 divesque
588 3154 707 3216 Latinae
723 3151 784 3217 lilia
798 3155 922 3236 Romae,

254 3253 382 3320 Deliciis
399 3279 540 3345 auroque
554 3255 667 3339 fluens,
684 3258 850 3322 inhonesta
867 3258 990 3346 virago,

253 3361 350 3426 Ebria
365 3362 451 3426 mille
464 3363 569 3451 procis
587 3365 700 3446 nubes,
717 3364 892 3452 ancillaquc
908 3364 977 3428 ties.
1074 3341 1079 3354 ⁸

167 3472 236 3536 Hoc
260 3493 336 3534 vero
358 3493 422 3534 non
448 3469 515 3533 sine
536 3469 740 3536 interioribus
760 3471 862 3535 turbis
885 3470 1039 3561 bellisque
1064 3470 1221 3550 civilibus,
1245 3486 1281 3534 ut

166 3594 274 3666 aperte
288 3577 332 3641 ibi
350 3577 477 3657 dicitur,
492 3578 571 3658 464,
587 3601 658 3666 sqq.
678 3600 685 3643 :

256 3683 356 3764 ltalia,
373 3682 459 3749 haud
471 3684 529 3747 tibi
544 3685 630 3748 lllars
644 3685 782 3750 externis
797 3684 922 3772 ingruet
937 3684 1048 3765 armis,

255 3789 364 3854 Civilis
379 3789 435 3854 sed
450 3806 481 3855 te
498 3790 638 3881 sanguis,
653 3815 713 3856 nec
728 3792 842 3857 debilis
857 3792 922 3875 ille,
996 3840 999 3845 -

253 3898 390 3963 Obruet.
560 3890 561 3894 Ἰ

165 4008 337 4095 Quumque
351 4004 470 4094 Sibylla
480 4005 520 4069 de
529 4022 669 4071 tremore
677 4008 818 4096 quodam
831 4025 923 4073 terrm
937 4009 968 4073 in
980 4007 1118 4098 Phrygia
1133 4026 1281 4074 saevtturo

165 4114 307 4196 dixisset,
326 4113 385 4177 iste
399 4129 517 4196 motus,
533 4112 649 4204 inquit,
668 4120 744 4199 411,
760 4139 846 4204 sqq,

252 4222 390 4283 Arauros
410 4233 478 4283 toto
492 4221 659 4309 proesagiet
674 4221 754 4285 orbe
768 4221 936 4300 tumultuS,

252 4326 487 4413 AEneadasque,
501 4349 601 4413 genus
615 4328 750 4392 fratrum
767 4328 840 4392 licet
854 4327 1090 4414 indigenarum,

251 4433 362 4496 Mutua
382 4448 531 4496 venturos
548 4432 580 4496 in
596 4433 715 4522 praelia,
731 4452 863 4524 propter
881 4451 1035 4517 amantes,

164 4538 195 4603 id
211 4555 271 4620 est,
283 4555 414 4628 propter
426 4537 512 4605 viros
524 4540 724 4623 ambitiosos,
740 4540 927 4607 dominandi
942 4542 1176 4633 cupidos,quos
1185 4543 1280 4632 paulo
