3186 5310
579 421 631 481 ΑΙ)
649 421 861 484 stelenus.
1191 439 1291 488 xxxin

171 555 264 623 metri
286 555 449 623 varietate.
472 553 595 621 Totius·
613 579 690 622 vero
713 556 861 623 carminis
876 554 929 622 hic
951 573 1000 623 est
1017 572 1121 624 tenor.
1147 556 1292 624 Primum

172 664 240 730 laus
263 663 433 729 inchoatur
451 662 510 728 Dei
530 663 646 749 Patris,
665 664 810 730 omnium
826 689 896 756 quae
913 681 988 731 sunt
1004 664 1191 748 conditoris,
1212 682 1294 733 nutu

173 771 280 838 omnia
294 769 433 860 regentis
441 788 472 836 et
484 772 703 863 temperantis.
718 771 843 838 Deinde
852 774 948 838 Pater
960 796 1033 838 cum
1043 771 1124 838 Filio
1134 774 1295 841 consultet

173 879 213 947 de
225 880 364 946 creando
374 880 519 962 homine,
531 880 639 946 futuro
648 881 708 947 sub
721 879 781 946 Dei
796 878 943 970 auspiciis
956 903 1064 945 rerum
1078 878 1295 947 universarum

176 985 321 1053 domino.
345 986 488 1078 Impletis
510 985 640 1053 demum
656 985 856 1076 temporibus
879 986 1045 1052 descendit
1063 1011 1081 1052 e
1098 986 1177 1052 caelo
1197 986 1296 1054 Filius

176 1094 255 1185 ipse,
279 1112 312 1162 et
335 1095 446 1161 Mariae
470 1094 607 1185 Virgini,
635 1095 807 1183 interprete
830 1095 968 1185 Angelo,
996 1094 1173 1161 nasciturus
1193 1119 1232 1160 ex
1259 1117 1296 1161 ea

175 1203 350 1268 nuntiatur.
369 1199 480 1272 Suavis
493 1202 545 1269 hic
565 1204 597 1269 in
610 1202 698 1268 suavi
714 1226 812 1292 opere
828 1202 930 1285 loona,
947 1225 1011 1292 quo
1026 1201 1076 1268 vel
1090 1201 1161 1270 solo
1176 1198 1297 1268 firmari

178 1327 286 1430 posset
306 1327 451 1376 nostrum
475 1310 515 1376 de
540 1309 678 1377 auctoris
694 1327 762 1376 arte
779 1308 950 1397 judicium.
967 1312 1015 1376 Ita
1038 1308 1202 1376 nuntiatus
1220 1332 1298 1377 nas

178 1415 261 1484 citur
273 1416 399 1483 divinus
409 1415 525 1496 infans,
540 1435 619 1484 etex
628 1416 857 1509 praesepiojam
868 1417 945 1483 caelo
955 1417 1111 1507 terrisque
1123 1416 1296 1537 imperent,

176 1523 209 1588 in
226 1524 304 1591 caelo
319 1524 418 1591 stellis
429 1523 519 1592 addit
528 1542 648 1593 astrum
661 1549 793 1609 novum,
807 1526 840 1592 in
854 1543 939 1592 terra
954 1549 973 1590 a
986 1524 1168 1615 pastoribus
1181 1523 1299 1647 magis·

180 1655 241 1723 que
255 1631 435 1701 adoratur..
443 1632 588 1698 .Verum
599 1631 673 1698 hic
665 1656 697 1698 rn
710 1648 799 1698 textu
813 1648 901 1722 patet
911 1632 1024 1722 ingens
1035 1631 1169 1698 lacuna.
1161 1633 1299 1701 nmina

179 1739 298 1831 quippe
322 1738 441 1806 Christi
466 1740 601 1831 pueritia
620 1757 653 1805 et
670 1739 733 1805 vita
750 1756 783 1806 et
800 1756 915 1824 morte,
934 1738 1110 1807 transilitur
1130 1736 1237 1805 statim
1258 1737 1300 1805 ad

177 1845 326 1936 religiosa
337 1870 464 1914 morum
473 1864 644 1938 precepta,
655 1849 731 1934 481,
745 1871 829 1938 sqq,
840 1846 897 1913 ubi
910 1845 1030 1914 olimin
1040 1830 1182 1913 editione
1190 1847 1300 1938 priore

180 1971 392 2022 statueramus
407 1955 534 2021 initium
549 1980 641 2022 novae
665 1955 780 2077 partis3
807 1979 891 2021 nunc
909 1954 1022 2021 inutile
1040 1954 1187 2032 ducimus
1204 1953 1300 2044 quid·

180 2086 275 2153 quam
294 2064 357 2130 tale
375 2063 499 2130 novari.
522 2064 610 2146 Quid
627 2063 752 2128 enimsi
769 2061 801 2126 in
818 2062 973 2153 primario
989 2061 1154 2152 scriptoris
1166 2062 1300 2129 oonsilio

181 2170 289 2237 statim
303 2188 377 2261 post
390 2170 510 2238 Christi
523 2169 789 2236 resurrectionem
807 2167 935 2235 condita
952 2169 994 2234 ab
1009 2193 1049 2234 eo
1061 2168 1209 2236 doctrina
1220 2169 1301 2236 cele·

180 2276 357 2341 brabatur?
379 2279 427 2341 lta
441 2254 535 2341 facile
552 2273 783 2351 etrecte,nis1
776 2273 907 2354 fallor,
924 2297 996 2363 pars
1015 2274 1084 2340 haec
1105 2298 1180 2341 curn
1192 2275 1301 2366 priore

182 2380 361 2448 continuari
376 2398 493 2473 potest,
511 2397 543 2446 et
558 2405 597 2446 ex
611 2380 737 2446 duabus
754 2397 857 2447 octavi
848 2379 944 2445 libri
958 2379 1104 2471 partibus
1121 2405 1204 2448 nnus
1216 2381 1298 2462 lieri,

180 2487 227 2555 uti
240 2488 340 2554 modo
357 2488 553 2572 dictumest,
573 2488 657 2554 liber
670 2486 826 2554 decimus.
849 2488 926 2553 Haec
942 2511 1019 2554 vero
1041 2505 1202 2579 precepta
1225 2489 1301 2556 reli·

182 2620 247 2688 quo
268 2595 401 2663 carmini
418 2595 617 2686 respondent
636 2594 752 2662 eximia
770 2594 918 2662 dictionis
937 2596 1171 2674 concinnitate3
1199 2613 1233 2663 et
1255 2598 1300 2664 ob

180 2703 337 2795 insignem
351 2722 505 2797 praeterea
518 2703 754 2797 simplicitatem
769 2702 949 2770 christianae
966 2704 1038 2769 vitae
1051 2702 1299 2794 christianique,

185 2836 281 2903 quem
296 2813 401 2880 obiter
416 2830 570 2905 tangunt,
586 2813 703 2890 cultus,
723 2811 774 2877 vix
786 2827 920 2902 possunt
932 2810 973 2877 ad
987 2811 1136 2878 Ecclesiae
1154 2829 1301 2903 tempora

182 2919 296 2987 referri
307 2921 427 3041 saeculo
437 2923 484 2987 llI
494 2919 686 3000 recentiora,
699 2918 888 3040 prasertim
891 2918 918 2985 si
933 2942 1006 2984 cnm
1028 2918 1182 2985 Lactantii
1192 2917 1303 2984 simili·

182 3133 267 3201 inter
286 3136 420 3226 hujusce
449 3136 555 3227 operis
575 3153 667 3202 notas
689 3134 805 3201 afferre
820 3158 872 3200 me
883 3133 1023 3222 juvabit.

403 3302 486 3368 XII.
513 3305 557 3369 De
576 3302 665 3367 libris
679 3303 747 3387 XI,
765 3301 848 3379 XII,
868 3301 968 3378 Xlll,
984 3301 1088 3366 XIV.

230 3458 334 3524 Doleo
355 3457 444 3547 quod
457 3455 536 3522 mibi
550 3480 617 3521 non
631 3454 756 3520 licuerit
768 3453 932 3545 prioribus
955 3452 1185 3545 Sibyllinorum
1208 3452 1308 3544 parti·

185 3568 247 3633 bus
271 3581 455 3632 contentum
476 3562 529 3629 hio
556 3563 678 3630 sistere.
705 3562 769 3628 Sed
786 3576 912 3627 restent
933 3559 1038 3626 ultimi
1062 3576 1199 3651 quatuor
1217 3559 1305 3640 libri,

187 3675 284 3740 rebus
296 3671 469 3751 vanissimi,
487 3670 594 3736 verbis
615 3667 825 3750 insulsissimi,
853 3685 940 3734 recte
961 3668 994 3733 in
1014 3667 1109 3733 finem
1135 3651 1309 3735 voluminis

187 3780 277 3870 quasi
294 3782 326 3846 in
340 3779 497 3845 sentinam
512 3777 659 3865 conjecti.
679 3777 771 3861 Quos
788 3792 861 3841 ante
877 3776 996 3841 horum
1010 3774 1134 3865 aliquot
1151 3798 1310 3842 annornm

189 3889 287 3954 breve
302 3887 441 3977 spatium
456 3882 688 3975 diligentissimi
707 3882 918 3973 exploratoris
934 3882 1050 3972 Angeli
1067 3880 1145 3946 Maii
1165 3905 1242 3948 cura
1256 3907 1310 3949 re-

191 4011 313 4085 pertos,
332 3993 357 4059 si
371 3992 662 4085 manuscriptorum
679 3990 861 4058 abstulisset
878 3987 1010 4071 invidia,
1032 4013 1096 4054 non
1114 4006 1197 4055 esset
1219 3990 1312 4057 valde

196 4100 370 4191 lugendum
385 4124 393 4166 :
407 4116 495 4190 patet
509 4098 593 4165 enim
604 4097 659 4189 qni
672 4122 728 4164 eos
742 4097 894 4182 coniecit,
906 4119 1039 4187 prorsus
1050 4095 1206 4186 imparem
1217 4095 1314 4162 fuisse

148 4263 150 4269 .
192 4207 283 4299 operi
300 4231 372 4274 sno.
393 4209 496 4273 Ausus
514 4222 563 4272 est
587 4204 686 4271 totius
704 4203 844 4270 historiar
867 4202 1037 4269 decursum
1062 4225 1079 4267 a
1107 4201 1228 4268 diluvio
1242 4201 1315 4268 uni·

195 4338 285 4381 verso
311 4338 369 4403 per
395 4312 552 4378 variarum
576 4311 719 4402 gentium
739 4309 772 4376 in
798 4309 892 4377 terris
915 4307 1152 4374 dominatorum
1174 4309 1316 4394 annales,

196 4445 318 4512 perque
332 4424 553 4486 Romanorum
570 4417 813 4507 imperatorum,
829 4440 911 4508 quos
926 4415 1038 4507 primis
1058 4414 1198 4481 nominis
1212 4418 1320 4504 cujus·

190 4550 258 4618 que
284 4527 385 4595 literis
406 4526 563 4616 designat,
585 4542 773 4616 perpetuam
791 4524 917 4609 seriem,
942 4546 1043 4613 usque
1068 4521 1109 4588 ad
1132 4523 1317 4591 Odenatum

1171 4647 1188 4690 c
