3186 5310
585 412 864 489 surianorum
890 398 953 486 irs
972 407 996 484 r.

318 560 479 630 Tartareis
495 561 632 626 cinctam
643 559 837 625 tenebris·et
849 556 973 648 gurgite
987 571 1125 630 terram;

257 695 295 736 ro
318 670 418 736 Dulce
433 667 523 733 dedit
533 668 655 750 lumcn;
672 665 820 733 subvexit
832 664 865 730 in
878 664 976 729 ardua
989 663 1119 747 caelum3

266 796 270 803 ‘
320 777 473 844 Extendit
489 775 638 865 glaucum
652 776 800 867 pelagus3
815 796 1017 862 convexaque
1031 771 1139 860 magni

317 885 461 953 Fornicis
480 901 640 949 astrorum
655 883 754 949 cinxit
768 882 911 948 radiante
928 903 1067 963 corona;

317 997 359 1060 Et
373 1012 490 1058 terram
505 989 631 1057 ornavit
645 989 782 1080 plantis;
798 1007 830 1055 et
842 989 972 1055 flumina
986 1005 1085 1077 ponto

317 1102 446 1168 Miscuit
459 1098 628 1165 affundens
640 1125 648 1175 3
664 1097 856 1188 rapidosque
873 1121 931 1187 per
943 1119 1016 1161 aera
1027 1111 1139 1160 ventos

208 1203 213 1212 ’
255 1209 292 1274 15
316 1208 450 1300 Sparsit,
467 1224 500 1272 et
515 1205 695 1272 imbriferas
711 1207 837 1271 nubes:
859 1205 934 1270 hinc
948 1200 1173 1295 saeclacreavit

316 1315 508 1401 Omnigena,
524 1329 556 1377 et
572 1311 674 1401 pisces
685 1311 792 1396 undis,
808 1312 976 1401 ventisque
992 1300 1138 1376 volircres

315 1423 462 1506 Immisit,
477 1421 626 1512 silvisque
639 1422 735 1503 feras,
749 1421 912 1510 antrisque
927 1420 1082 1486 dracones
1095 1441 1105 1502 ;

315 1531 441 1620 Perque
460 1553 590 1594 omnem
609 1529 721 1594 mundi
736 1529 917 1619 amplexum
930 1528 1155 1618 quodcumque
1164 1525 1274 1591 videre
1289 1541 1350 1617 est,

315 1641 388 1728 Ipse
406 1638 514 1703 volens
531 1639 630 1703 verbo
645 1637 722 1703 fecit
738 1668 747 1702 ε
766 1639 866 1702 verbo
882 1637 989 1702 omnia
1003 1636 1088 1701 facta

250 1768 291 1809 20
314 1745 356 1809 Et
369 1747 512 1835 perfecta
529 1745 623 1810 simul
642 1773 649 1808 :
667 1762 778 1809 manet
792 1743 1001 1810 immutabilis
1016 1742 1083 1826 ille,

315 1852 440 1920 Auctor
453 1869 486 1917 et
499 1852 566 1943 ipse
583 1851 644 1933 sui,
660 1868 765 1917 totum
780 1852 944 1942 despectat
961 1852 1003 1915 ab
1019 1849 1095 1915 alto.

360 1961 412 2024 Sic
427 1960 519 2024 labor
532 1959 684 2049 impletus
701 1958 826 2023 mundi.
844 1961 927 2024 Tum
944 1957 1084 2047 denique
1096 1955 1204 2020 vivum

316 2064 405 2132 Fecit
417 2090 509 2155 opus,
524 2067 655 2156 propria
666 2064 788 2131 ducens
803 2068 845 2131 ab
859 2065 1007 2154 imagine,
1021 2065 1168 2154 pulcrum

315 2172 571 2260 Formosumque
587 2173 702 2257 virum,
720 2195 851 2260 campos
865 2196 960 2261 quem
969 2170 1064 2256 jussit
1077 2193 1219 2236 amoenos
1287 2234 1289 2238 ,

253 2276 294 2341 25
317 2275 474 2362 Incolere,
489 2293 526 2341 ut
542 2278 627 2342 curis
640 2301 772 2368 operam
788 2295 920 2343 navaret
930 2278 1086 2345 honestis.
1215 2265 1220 2280 ¹

319 2382 382 2447 Hic
397 2406 487 2465 vero,
507 2382 586 2448 dum
605 2385 692 2448 solus
705 2384 777 2450 obit
789 2384 937 2451 viridaria
952 2386 1036 2468 laeta,

319 2488 466 2554 Jucundo
479 2512 627 2555 sermone
639 2489 702 2556 frui
714 2491 902 2582 vultumque
913 2495 1045 2583 petebat

212 2650 216 2664 .
319 2595 527 2662 Consimilem
540 2614 685 2687 spectare
699 2621 771 2665 suo.
786 2601 878 2664 Tunc
892 2599 990 2689 ipsius
1007 2623 1104 2667 unam

320 2702 446 2792 Eripuit
464 2703 557 2769 lateri
571 2720 693 2770 costam
709 2707 815 2794 Pater,
831 2724 864 2772 et
876 2707 966 2774 dedit
979 2710 1079 2775 Evam

261 2808 303 2876 30
326 2812 480 2904 Uxorem,
497 2834 569 2902 quae
583 2816 694 2901 juncta
708 2813 776 2879 viro
793 2814 940 2881 felicibus
952 2816 1055 2883 hortis

322 2920 473 3006 Degerct.
485 2921 531 2985 Ut
543 2918 623 2985 vidit
633 2921 769 3006 juvenis,
781 2923 984 3013 propriaeque
997 2926 1120 2990 notavit
1167 2961 1181 2979 ν

247 3087 253 3098 ,
321 3027 491 3116 Exemplar
508 3025 633 3111 forme,
649 3029 782 3118 stupuit,
797 3046 947 3120 totusque
960 3048 1123 3097 recentem

322 3135 436 3200 Hausit
451 3136 607 3220 laetitiam,
626 3154 659 3201 et
675 3138 787 3204 doctas
802 3141 869 3225 jam
883 3138 1017 3205 reddere
1032 3164 1128 3206 voces

321 3243 442 3332 Sponte
455 3267 511 3309 sua
527 3243 623 3333 coepit
639 3266 647 3308 ε
662 3268 737 3309 nam
752 3246 797 3310 sio
813 3245 988 3335 digesserat
1005 3251 1130 3312 auctor.

256 3349 296 3414 35
320 3348 468 3414 Necdum
485 3348 547 3414 illis
558 3367 683 3415 mentes
694 3350 818 3416 offusus
830 3353 977 3418 sensibus
990 3376 1083 3418 error

320 3455 463 3534 Velarat,
481 3479 540 3520 nec
552 3458 699 3521 membra
716 3457 822 3547 pudor
843 3486 850 3522 :
869 3459 924 3524 sed
938 3459 1091 3526 cordibus
1107 3462 1211 3529 omnis

320 3564 421 3629 Fraus
432 3563 554 3649 aberat,
570 3562 714 3652 nudique
725 3565 876 3632 errabant
892 3588 981 3631 more
1000 3567 1117 3635 ferino.
1223 3581 1235 3598 '

232 3785 288 3834 inde
308 3785 497 3843 ὑποτετῦεστο,
509 3782 552 3832 ubi
561 3783 620 3835 olim
632 3799 696 3834 nore
708 3787 773 3852 conj.
841 3788 882 3836 29.
901 3786 978 3838 Codd.
991 3789 1083 3840 τούτου
1095 3791 1133 3841 rel
1146 3791 1239 3857 τούτῳ,
1253 3793 1296 3845 ubi
1310 3810 1355 3845 nos

232 3857 302 3911 οὔπω
315 3862 444 3911 τετέλεστο
461 3875 546 3908 :nunc
565 3858 658 3926 pariter
681 3876 695 3910 e
708 3862 773 3928 conj.
807 3862 898 3913 ὀστοῦν
914 3879 945 3913 ex
956 3864 1042 3915 durati
1055 3867 1121 3932 conj.

232 3936 299 3987 οὕτω
315 3935 458 3994 scribimus,
482 3934 545 3984 duce
564 3935 704 3997 Lactantio,
721 3936 775 3988 riv.
842 3939 882 3987 32.
903 3937 979 3988 Codd.
993 3931 1045 3996 οΙος
1055 3955 1061 3989 :
1072 3955 1115 3988 uos
1127 3956 1192 3992 corr.

232 4012 291 4062 lost,
307 4011 363 4075 vn,
375 4028 429 4078 cap.
445 4014 469 4070 5,
490 4011 523 4060 ita
542 4011 677 4062 scribente:
696 4013 776 4063 «Per-
841 4015 881 4063 33.
899 4012 949 4062 ctr.
964 4013 1027 4065 infin
1040 4017 1099 4079 333,
1114 4024 1138 4065 et
1150 4015 1214 4076 vlu,
1230 4020 1288 4080 tta,
1303 4036 1353 4087 quo

233 4087 325 4137 «sectis
347 4087 460 4136 omnibus
485 4101 538 4150 quae
556 4086 590 4145 ad
610 4086 775 4137 conditionem
808 4099 890 4138 tarnen
905 4098 1009 4155 utroque
1029 4090 1083 4141 loco
1097 4091 1168 4158 longe
1184 4093 1261 4144 alium
1274 4095 1354 4148 induit

233 4184 245 4208 ιι
255 4163 339 4213 mundi
351 4161 514 4228 pertinebant,
534 4160 659 4212 homiuem
668 4161 746 4212 tinxit.
763 4183 776 4208 n
808 4179 913 4213 sensum.

232 4237 263 4289 Et
273 4238 319 4288 cfr.
333 4236 420 4288 Genes.
436 4254 490 4303 cap.
505 4240 529 4297 2,
544 4253 567 4287 r.
586 4240 608 4288 l.
843 4242 883 4289 36.
901 4238 978 4289 Codd.
993 4233 1059 4306 εΙχον
1079 4241 1204 4309 acinippo
1219 4237 1296 4311 aizos,
1310 4247 1354 4299 ubi

239 4325 243 4330 ’
264 4316 306 4364 23.
327 4311 364 4361 Ex
377 4311 441 4361 libro
452 4309 519 4369 vltl,
533 4312 591 4360 tas.
809 4330 853 4363 nos
867 4313 977 4380 ἄμφεχον
993 4332 1007 4364 e
1020 4317 1085 4383 conj.
1323 4302 1327 4321 ’

264 4393 307 4440 25.
326 4386 378 4439 cfr.
391 4388 433 4452 ΙΙΙ,
449 4390 507 4439 220.
843 4391 884 4438 37.
904 4389 981 4439 Codd.
1006 4391 1047 4441 καὶ
1062 4395 1096 4449 ὡς
1110 4393 1182 4460 Θῆρες
1193 4395 1222 4455 δὴ
1239 4397 1352 4462 divenses

265 4468 307 4515 26.
322 4463 439 4514 Sicoodd.
447 4463 560 4530 ἐριθηλέῖ,
568 4473 652 4514 contra
660 4473 775 4526 metrum
809 4463 861 4528 (alii
872 4465 1029 4532 ἀθαίνεσκον)
1041 4467 1089 4518 ἀπὸ
1100 4469 1231 4521 σκοπίισσι
1243 4474 1291 4538 (vel
1306 4491 1354 4527 uno

233 4540 287 4591 vide
299 4556 330 4591 aa
342 4540 395 4600 ἡδέϊ
406 4538 508 4607 placeat.
808 4540 883 4590 verbo
897 4542 1032 4610 ἀποοκοπ.)
1047 4546 1129 4609 μέλεοι
1139 4561 1145 4596 :
1157 4561 1201 4595 nos
1214 4562 1280 4603 corr.
