3186 5310
111 446 176 495 ¹x11
546 433 799 497 INTRODUCTIO

108 563 305 653 probabiles,
330 568 471 657 quandiu
494 569 544 634 vel
569 568 602 633 in
623 570 766 660 AEgypto
793 568 937 634 consedit
959 566 1148 649 Antiochus,
1173 566 1224 632 vel

109 671 255 762 proxime
286 675 446 741 rediturus
480 700 596 766 magno
626 677 793 743 hominum
830 693 952 742 terrore
982 675 1226 764 exspectabatur

109 776 368 867 (iterunconfsr
380 782 555 876 citatostibi
574 783 692 870 locos),
714 780 960 874 exstincto‘post
980 782 1227 873 quadriennium

110 882 167 951 illo
183 909 271 976 ruge,
293 913 370 968 non,
397 890 485 979 quod
507 890 579 980 quis
602 907 738 979 putaret,
757 907 953 958 evanuerunt
980 890 1076 973 :sed,
1096 906 1131 955 ut
1146 889 1226 955 nihil

110 994 251 1069 tenacius
277 1012 326 1062 est
351 1020 449 1086 quam
472 997 549 1064 boni
576 996 674 1064 futuri
699 998 908 1089 exspectatio,
930 996 1009 1063 nihil
1034 996 1228 1062 obcaecatius

112 1122 208 1190 quam
225 1125 300 1192 erga
319 1127 371 1169 res
395 1128 526 1170 arcanas
540 1102 634 1170 simul
651 1123 684 1170 et
698 1122 803 1195 gratas
825 1103 952 1185 fiducia,
975 1101 1114 1193 perstitit
1134 1100 1226 1167 delu-

111 1229 218 1276 sarum
241 1207 317 1275 licet
338 1210 582 1300 pradictionum
602 1211 791 1290 auctoritas3
811 1209 1071 1299 confirmatisque
1095 1208 1227 1300 AEgypti

111 1313 220 1394 rebus,
243 1331 346 1382 stante
362 1316 610 1383 Ptolemaeorum
632 1318 790 1407 dynastia,
813 1316 966 1383 restitutis
989 1332 1132 1382 veterum
1155 1317 1228 1382 deo·

110 1445 184 1488 rum
199 1424 309 1508 sacris,
325 1425 431 1491 dilatis
445 1425 541 1514 igitur
561 1425 594 1491 in
611 1426 745 1515 longum
768 1426 817 1491 vel
836 1425 993 1490 incertum
1013 1441 1139 1514 tempus
1157 1446 1228 1514 quae

111 1529 144 1595 in
168 1532 316 1620 proximo
339 1550 465 1623 sperata
489 1532 627 1617 fuerant,
652 1556 717 1598 non
742 1532 904 1598 desierunt
928 1531 1027 1598 Judaei
1049 1531 1117 1596 istis
1141 1529 1228 1620 pasci

112 1635 249 1712 deliriis3
269 1640 415 1729 adeoque
435 1641 550 1705 nonin
568 1656 789 1730 contemptum
808 1639 955 1705 abierunt
976 1638 1104 1703 oracula
1118 1655 1227 1705 nostra

111 1761 273 1812 utcontra
293 1746 378 1836 vulgi
398 1747 514 1812 fiducia
535 1763 726 1834 crescerent,
745 1771 783 1812 ac
800 1745 938 1836 denique
959 1769 1032 1811 cunr
1051 1744 1129 1835 ipsis
1148 1769 1229 1834 gen·

113 1851 216 1918 tilium
240 1853 414 1944 Erythraeis
438 1855 723 1937 confunderentur,
751 1878 810 1919 nec
834 1853 952 1920 samam
979 1853 1077 1918 modo
1099 1876 1226 1930 eorum,

112 1959 168 2025 sed
192 1976 225 2025 et
247 1951 366 2026 nomen
389 1961 495 2051 ipsum
519 1961 560 2027 ad
585 1984 619 2026 se
649 1961 809 2026 traherent
838 1977 949 2025 contra
975 1958 1074 2050 ipsius
1099 1959 1228 2050 Sibyllae

112 2067 345 2153 testimonium,
359 2092 480 2159 quaese
494 2068 703 2160 Babyloniam
720 2092 777 2135 seu
791 2068 974 2165 Chaldaeam
987 2068 1131 2157 professa
1145 2083 1226 2150 erat,

111 2173 279 2264 repudiato
295 2176 467 2264 Erythraeae
489 2175 751 2264 cognominabis
773 2174 929 2258 versibus,
951 2176 1012 2259 111,
1033 2174 1111 2256 868,
1124 2196 1195 2264 sqq.
1217 2197 1225 2240 ε

135 2308 139 2317 ·
201 2281 278 2348 lloec
292 2299 366 2348 sunt
382 2306 453 2373 quaa
467 2307 597 2364 moneo,
612 2284 740 2374 Assyria
757 2282 919 2373 Babylone
934 2280 1093 2372 profecta,

202 2497 243 2561 Et
258 2511 375 2579 tamen,
391 2513 427 2570 ut
445 2497 526 2563 ficta
542 2497 708 2565 mentitam
720 2497 851 2564 nomina
865 2497 979 2589 gentis,

202 2603 251 2669 Ex
265 2601 413 2694 Erythris
425 2621 532 2670 natam
550 2628 602 2670 me
620 2606 741 2672 Graecia
758 2605 855 2685 dicet,
874 2623 936 2672 etc.

159 2770 205 2842 II,
225 2768 409 2840 Culminiam
425 2760 601 2836 nostrorum
617 2772 853 2838 christianismo
868 2786 1015 2838 irascente
1036 2772 1184 2840 condt'tt‘o.

131 2980 134 2985 .
158 2919 246 2987 Nihil
258 2920 386 2988 videtur
394 2922 435 2988 de
444 2922 671 3013 Sibyllinorum
682 2939 865 2989 nostrorum
877 2922 1059 2988 conditione
1071 2937 1229 2988 mutatum

113 3029 245 3118 perduc
259 3028 447 3095 seresaecula
457 3059 466 3108 ς
478 3054 515 3096 ac
523 3031 665 3120 primaevi
672 3030 856 3114 Christiani,
868 3029 1014 3120 plerique
1023 3053 1061 3095 ex
1068 3028 1229 3118 judaismo

115 3135 190 3216 orti,
207 3135 415 3202 Alexandrini
427 3137 601 3226 praecipue,
612 3160 710 3227 quam
723 3136 809 3227 apud
823 3160 898 3203 suos
915 3152 1102 3226 repererant
1118 3159 1229 3202 oracu-

114 3241 220 3310 lorum
229 3242 364 3309 istorum
376 3243 490 3326 lidem,
501 3245 659 3335 integram
666 3260 879 3311 servaverunt.
888 3245 931 3311 Iis
943 3260 1048 3310 tamen
1060 3244 1230 3333 postremis
1271 3301 1274 3303 Α

115 3351 314 3441 temporibus
327 3375 450 3441 magnae
462 3376 572 3418 rerum
584 3353 785 3440 judaicarum
798 3351 884 3417 vices
899 3352 1021 3417 animos
1031 3350 1116 3417 illius
1129 3351 1232 3440 gentis

114 3479 317 3524 commovere
339 3458 531 3543 debuerant,
550 3483 731 3551 compressa
749 3482 864 3548 nempe
889 3463 1109 3525 Romanorum
1136 3460 1231 3528 aruris

114 3563 237 3654 reliqu'a
252 3566 368 3632 Iudaeae
380 3566 524 3646 libertas,
535 3579 628 3658 capta
646 3568 735 3645 urbs,
750 3589 895 3632 eversum
918 3565 1097 3656 templumt
1114 3565 1231 3655 quibus

116 3671 265 3737 omnibus
281 3673 392 3740 excitae
407 3691 530 3741 mentes
546 3675 627 3741 mire
640 3674 682 3740 ad
697 3673 926 3764 concipiendos
938 3673 1082 3764 poeticos
1095 3673 1230 3739 affectus

115 3795 234 3870 paratae
249 3798 348 3849 erunt.

431 3952 493 4019 111.
513 3952 563 4016 De
579 3950 736 4050 Sibyllino
755 3949 836 4015 libro
853 3950 914 4017 IV.

139 4158 142 4163 .
158 4102 244 4168 Ecce
257 4118 365 4167 autem
377 4104 483 4193 primo
499 4103 562 4168 Titi
572 4101 732 4193 regnantis
746 4126 842 4188 anno,
856 4118 929 4193 post
939 4103 1016 4167 Chr.
1033 4123 1087 4190 79,
1102 4101 1232 4168 nrmtius
1297 4087 1299 4092 ⁵

113 4207 249 4274 affertur
263 4209 422 4275 Vesorum
438 4226 582 4277 montem
597 4209 630 4274 in
652 4209 742 4275 ltalia
766 4209 892 4292 arsisse,
916 4208 1060 4274 inaudito
1079 4207 1233 4278 hactenus
1327 4226 1340 4242 ·

114 4316 280 4408 prodigio,
296 4317 474 4408 multasque
499 4319 619 4383 circum
631 4339 675 4381 ·se
702 4318 799 4382 urbes
823 4338 954 4405 magnas
971 4332 1005 4380 et
1024 4315 1146 4381 civibus
1166 4314 1232 4379 fre·

115 4441 250 4515 quentcs
264 4424 492 4515 absumpsisse,
509 4440 661 4514 tanquam
674 4422 865 4514 praeludium
880 4440 913 4488 et
933 4423 1059 4487 initium
1078 4421 1233 4488 universae

115 4530 417 4622 conflagrationisa
446 4531 614 4624 prophetis
631 4529 771 4624 ipsisque
798 4529 928 4621 Sibyllis
950 4528 1117 4620 predictae.
1149 4529 1230 4598 Hinc
