3186 5310
487 433 769 503 semuncem
798 439 869 501 xrs.
897 439 922 503 1.
1227 444 1268 507 xx
1349 521 1353 530 Ι

282 567 382 650 Queis
393 584 519 632 austera
528 568 615 634 Deus
626 570 756 638 tradens
767 588 939 662 praecepta,
956 573 1134 642 cavendum

235 674 370 741 Arboris
384 673 524 741 ostendit
537 692 643 763 gustu.
660 679 725 745 Sed
738 679 896 769 pessimus
912 679 985 746 illos

171 788 212 862 4ο
238 782 373 872 Decepit
388 804 529 871 serpens,
544 799 580 847 ut
595 781 628 847 in
641 802 726 852 atras
737 787 851 853 mortis
867 787 994 854 abirent

236 889 384 975 Insidias,
394 891 574 981 scirentque
590 891 713 960 bonum
725 920 920 985 pravumque
933 894 1011 986 quid
1021 913 1117 962 esset.

236 1000 334 1087 Capta
346 997 449 1088 prior,
463 1003 615 1071 comitem
634 1003 798 1068 incautum
813 1003 896 1067 male
913 1001 1055 1091 perdidit
1067 1025 1163 1089 uxor,

236 1108 316 1189 Quae
330 1105 431 1187 dedit,
446 1126 479 1174 et
496 1130 622 1201 partem
636 1109 736 1178 suasit
749 1110 947 1189 consciscere
961 1111 1074 1202 culpae.

236 1214 294 1279 Ille
309 1213 404 1282 nimis
417 1240 541 1307 sponsae
554 1220 668 1305 facilis,
684 1217 857 1308 magnique
870 1219 1013 1308 parentis

169 1322 211 1402 45
233 1323 419 1403 Immemor,
434 1324 514 1390 heu!
532 1327 652 1415 sprevit
666 1324 809 1391 monitus
827 1324 1059 1416 manifestaque
1069 1328 1169 1416 jussa.

235 1429 287 1494 Sic
303 1430 390 1495 bona
403 1449 566 1498 mutavere
577 1432 669 1499 malis
684 1460 692 1497 ε
707 1455 744 1497 ea
757 1430 886 1522 praemia
900 1431 988 1502 facti.

235 1525 319 1602 Nam
334 1536 487 1627 primum,
506 1539 599 1607 eficu
614 1539 773 1630 decerptis
787 1538 970 1622 frondibus,
983 1541 1084 1606 arbor

237 1645 326 1728 Quas
340 1644 443 1711 vicina
455 1646 543 1733 tulit,
555 1665 659 1714 vestes
670 1647 732 1714 sibi
748 1663 859 1713 mutua
873 1647 995 1714 circum

236 1757 386 1822 Membra
400 1757 531 1843 dedere,
550 1783 635 1826 novo
650 1759 911 1825 subternascente
926 1758 1063 1849 pudore.

172 1863 213 1930 50
236 1867 279 1930 At
292 1865 378 1930 Deus
396 1864 601 1955 omnipotens
613 1867 701 1953 justa
714 1866 895 1931 succensuit
908 1865 966 1952 ira,

237 1975 449 2063 Dejectosque
461 1974 563 2040 hortis
577 1973 691 2065 procul
705 1971 955 2052 immortalibus,
973 1971 1021 2040 irc

236 2079 334 2145 lussit
347 2079 381 2144 in
394 2080 552 2167 exsilium,
566 2090 599 2148 et
609 2080 731 2171 campis
742 2079 887 2145 babitare
902 2079 1048 2162 remotis,

239 2185 360 2253 AEterni
372 2185 524 2274 quoniam
539 2187 643 2275 legem
659 2209 808 2275 sprevere
819 2186 976 2254 Parentis.

235 2291 301 2376 Qui
315 2290 409 2356 simul
419 2292 537 2381 egressi
555 2293 728 2381 tetigerunt
746 2316 834 2376 arva,
848 2291 995 2360 dolorem

175 2399 216 2467 55
236 2400 410 2488 Coeperunt
421 2398 561 2465 lacrimis
577 2399 762 2489 gemituque
777 2399 965 2481 effundere,
983 2418 1017 2469 at
1029 2401 1103 2470 illos

240 2504 366 2571 Affatus
380 2505 507 2594 genitor
517 2506 705 2572 venerandis
715 2507 848 2573 vocibus
860 2505 950 2574 infit:
1111 2594 1115 2602 Α

282 2612 434 2698 Crescite,
455 2612 665 2703 multiplicate
680 2636 793 2703 genus,
809 2614 990 2705 durumque
1001 2638 1060 2706 per
1071 2633 1173 2684 artem

238 2723 391 2787 Exercete
410 2720 528 2802 solum,
542 2719 639 2785 vitam
653 2719 770 2786 sudore
786 2739 948 2811 parantes.

282 2828 335 2894 Sic
352 2827 408 2910 ait,
424 2845 653 2918 auctoremque
667 2827 743 2893 mali
760 2827 929 2895 exitiabilis
945 2852 1083 2922 anguem

174 2936 217 3001 60
240 2935 278 2999 In
293 2932 375 3026 latus
394 2948 428 2999 et
440 2951 586 3008 ventrem
601 2951 694 2999 terrae
706 2933 876 3025 adreptare
891 2935 1010 3025 coegit,

239 3040 377 3106 Acribus
390 3040 552 3129 exagitans
568 3041 693 3119 verbis3
713 3040 853 3131 odioque
868 3043 971 3108 tenaci

240 3145 354 3212 Divisit
368 3146 513 3224 mediosa
525 3165 622 3236 caput
635 3145 699 3231 hic,
717 3145 837 3213 calcem
848 3146 902 3212 ille
917 3164 1038 3216 tuetur.

240 3254 367 3343 Quippe
378 3254 489 3320 subest
500 3276 617 3344 anceps
631 3253 708 3319 lethi
720 3253 903 3331 discrimen,
919 3270 1074 3346 utrosque

240 3359 435 3444 Dissccians,
451 3360 661 3450 hominesque
675 3359 937 3450 veneniferosque
950 3359 1118 3431 dracones.

177 3469 219 3535 65
286 3467 370 3532 Hinc
383 3487 485 3555 genus
499 3467 687 3545 humanum,
706 3465 789 3532 sicut
807 3466 1013 3534 mandaverat
1027 3469 1107 3561 ipse,

240 3570 410 3662 Multiplici
423 3572 522 3638 crevit
536 3596 681 3640 numero.
698 3573 795 3639 Plebs
807 3596 921 3662 magna
933 3598 992 3664 per
1006 3577 1122 3643 orbem

241 3679 425 3769 Exspatiata
440 3703 572 3745 novum.
592 3680 688 3745 Varia
699 3703 775 3746 mox
789 3697 858 3746 arte
871 3680 1042 3749 domorum

242 3787 341 3851 Tecta
359 3803 474 3876 parant
491 3817 498 3852 ι
516 3787 612 3851 urbes
629 3786 682 3851 alii
696 3810 870 3876 murosque
883 3805 1051 3868 coronant,

241 3894 365 3961 Artilici
377 3895 517 3985 ingenio.
533 3897 634 3980 Queis
650 3913 796 3987 tempora
812 3896 905 3988 longa
919 3897 1079 3965 dabantur

177 4025 220 4090 70
244 4001 381 4066 Vivendi
396 4029 404 4068 r
421 4005 624 4092 nequeenim
638 4003 789 4093 gravibus
802 4021 871 4070 tum
890 4029 1026 4096 corpora
1044 4005 1129 4073 curis

154 4229 435 4292 crustemium,
459 4233 522 4290 lll,
549 4226 700 4289 circinatae?
732 4248 786 4298 exp.
808 4234 830 4291 l,
846 4248 870 4282 r.
895 4234 937 4290 22,
962 4231 1019 4283 ite·
1041 4249 1094 4301 up.
1116 4238 1131 4287 8
1153 4240 1279 4297 clemen

155 4320 212 4355 mm
223 4303 324 4354 menica
340 4303 457 4372 Sibyllina
470 4304 498 4355 in
514 4305 562 4356 hoc
576 4305 650 4357 verbo
664 4307 700 4356 la-
732 4306 816 4370 semel;
830 4307 872 4356 sed
890 4323 1019 4373 numnam,
1034 4308 1280 4370 schismatibus

155 4379 234 4430 borat
250 4379 327 4431 Codd.
357 4381 456 4446 quidam
473 4381 614 4442 ἀιίσαντος,
636 4381 701 4432 unde
733 4382 951 4434 errxdiscdicta

156 4453 253 4505 solebat
265 4454 323 4521 Ops.
337 4455 388 4505 alls
401 4457 494 4514 ἰόντος,
507 4456 564 4507 tatis
575 4465 650 4508 reeta.
769 4461 810 4510 59.
830 4458 878 4509 atii
893 4458 964 4509 codd.
981 4462 1103 4513 ὑπαίτιον.

191 4534 233 4582 tt.
258 4529 376 4597 lpsissimx
394 4540 450 4583 sunt
472 4530 544 4583 verba
566 4531 702 4596 Genesecs,
769 4536 810 4591 dl,
824 4549 861 4601 sq.
877 4533 928 4586 ctr.
945 4533 1019 4595 inira,
1034 4539 1076 4596 st,
1091 4552 1128 4604 tq.
