3186 5310
521 491 804 554 SIBYLLINORUM
826 494 898 556 LlB.
922 494 1003 572 Vlll,
1025 496 1044 576 §
1065 499 1094 559 Ι.
1309 501 1369 562 2Ιῖ

338 629 447 717 Usque
462 625 543 691 adeo
560 643 721 706 vacua,et
737 644 891 717 tanquam
905 652 972 693 non
989 646 1076 708 nata,
1090 631 1245 699 manebis.

338 737 387 800 En
403 735 459 800 ubi
473 733 671 800 Palladium?
684 734 755 824 quis
768 752 800 800 te
815 734 978 815 defendet,
993 760 1033 802 an
1048 762 1127 804 auro

336 842 464 919 Factus,
481 865 520 908 au
536 866 609 920 aere,
626 840 726 908 deus?
738 842 825 927 Quid
837 859 905 908 tum
919 845 1064 910 consulta
1078 847 1229 913 senatus?

267 949 309 1032 45
334 949 422 1034 Quid
438 967 506 1015 tum
522 967 622 1015 matre
634 951 726 1016 Rhea
741 951 919 1018 Saturnove
932 951 1017 1017 edita
1027 953 1153 1042 proles,

333 1061 394 1123 Seu
413 1059 503 1140 Jove,
518 1056 584 1124 sive
601 1057 681 1139 aliis,
702 1082 840 1148 quorum
851 1076 899 1138 tu,
914 1083 1006 1146 vana,
1027 1060 1157 1125 colebas

330 1164 503 1231 Exanimos
518 1189 640 1245 manes,
657 1164 888 1257 simulacraque
899 1167 970 1233 luce
986 1185 1150 1234 carentum

333 1275 488 1353 Heroum,
504 1297 640 1363 quorum
650 1275 752 1361 jactat
762 1297 796 1339 se
810 1277 903 1340 Creta
922 1275 1090 1366 sepulcris,
1119 1282 1124 1295 '

333 1382 505 1471 Imponens
519 1381 647 1471 templis
661 1381 809 1447 homines
821 1382 935 1448 tellure
941 1399 1107 1473 repostos.

267 1489 307 1556 50
376 1489 438 1554 Sed
450 1489 509 1554 tibi
525 1514 622 1578 quum
640 1513 730 1579 reges
745 1489 864 1555 luerint
875 1508 924 1556 ter
936 1492 1077 1582 quinque
1089 1492 1232 1582 superbi,

332 1598 394 1662 Per
410 1620 492 1687 quos
505 1597 588 1662 ferre
600 1599 713 1686 jugum
727 1596 852 1664 discent
867 1622 998 1665 occasus
1012 1615 1044 1664 et
1061 1616 1162 1677 ortus,

332 1709 402 1771 Rex
416 1705 477 1770 erit
492 1705 612 1770 albenti
625 1705 741 1795 capite,
758 1723 790 1771 et
802 1706 993 1796 cognomine
1006 1706 1097 1796 ponti

273 1876 277 1885 ,
331 1813 477 1903 Insignis,
498 1815 581 1903 pede
600 1813 655 1902 qui
668 1813 824 1879 mundum
842 1813 991 1880 lustrabit
1008 1812 1131 1904 iniquo,

330 1925 422 1988 Dona
439 1939 562 2011 petens,
578 1922 648 1987 auri
660 1937 756 2011 atque
776 1921 899 2010 argenti
915 1922 1056 2011 pondus,
1073 1938 1108 1987 ut
1125 1921 1235 1988 hostes

265 2030 305 2099 55
330 2028 456 2096 Divitiis
470 2046 609 2120 superet,
623 2028 808 2117 nudatoque
821 2030 901 2093 orbe
920 2027 1050 2094 redibit.

329 2135 449 2207 Arcani
468 2137 583 2226 magici
600 2134 752 2226 mysteria
765 2152 879 2202 cuncta
899 2136 1051 2226 requiret,

329 2246 372 2312 Et
386 2269 522 2335 puerum
541 2245 627 2309 volet
645 2267 714 2308 esse
734 2244 843 2322 deum,
857 2266 947 2309 sacra
967 2242 1075 2308 omnia
1092 2242 1219 2331 tollens,

328 2354 520 2444 Errorisque
532 2368 623 2419 vetus
639 2352 761 2417 eunctis
774 2352 937 2441 penetrale
951 2350 1131 2444 recludens.

328 2464 413 2549 Heu,
426 2460 578 2527 miserum
594 2477 721 2551 tempus
734 2476 817 2548 tum,
831 2482 932 2551 quum
944 2458 1041 2524 miser
1055 2458 1126 2549 ipse'
1138 2458 1273 2548 peribit!

261 2571 304 2636 60
328 2572 437 2654 Quum
458 2594 536 2660 gens
553 2567 676 2647 infelix,
696 2568 783 2633 Urbs
798 2565 928 2645 occidit,
945 2565 1088 2656 undique
1104 2565 1201 2649 dicet,

327 2679 414 2744 Gens
430 2675 593 2742 dominata
612 2675 679 2753 diu,
695 2676 753 2741 sed
763 2699 849 2740 nuno
862 2675 944 2739 mala
958 2675 1106 2764 proxima
1121 2695 1273 2752 oernens3

326 2786 368 2850 Et
381 2784 470 2850 luctu
486 2781 628 2849 unanimi
643 2800 697 2850 tua
713 2781 816 2847 tristia
833 2780 898 2847 fata
915 2799 1086 2873 querentes

326 2891 463 2957 Flebunt
480 2891 651 2956 instantem
671 2914 781 2956 casum
798 2889 955 2979 puerique
970 2911 1139 2981 senesque,

326 2999 414 3064 Heu!
434 2997 571 3063 nimium
584 2996 709 3062 llebuut
722 2997 762 3062 ad
777 3015 903 3062 maestas
915 2996 1058 3062 Tibridis
1071 3019 1156 3065 oras.

259 3105 301 3173 65
370 3107 448 3171 Post
466 3104 552 3171 hunc
561 3106 749 3194 ¹regnabunt
763 3120 829 3169 tres
840 3103 952 3168 ultima
964 3120 1111 3195 tempora
1125 3103 1298 3184 habentes,

325 3213 572 3303 lmplebuutque
585 3212 645 3277 Dei
658 3212 790 3277 caelestis
804 3210 944 3294 nomina,
957 3213 1047 3297 eujus
1351 3204 1355 3213 ’

322 3322 364 3385 Et
376 3344 462 3402 nunc
480 3337 528 3386 est
541 3337 573 3385 et
583 3344 709 3410 semper
724 3319 784 3385 erit
798 3342 946 3410 suprema
962 3334 1117 3409 potestas.

321 3429 411 3494 Unus
428 3427 488 3494 erit
503 3426 622 3506 senior,
643 3427 856 3518 diuturnaque
877 3443 1001 3517 sceptra
1018 3424 1155 3511 tenebit,

322 3534 437 3601 Infelix
449 3534 546 3600 animi
560 3535 723 3626 princeps,
739 3533 794 3624 qui
809 3533 907 3598 totius
922 3533 1011 3600 orbis

255 3666 299 3727 70
321 3645 438 3734 Captas
459 3643 576 3708 condet
595 3638 686 3732 opes,
705 3657 741 3706 ut
760 3665 861 3732 quum
876 3640 1068 3708 saevissimus
1083 3642 1174 3709 exsul

321 3749 457 3816 Occisor
472 3749 583 3816 matris
595 3748 774 3840 longinquo
787 3773 826 3814 ex
841 3749 920 3814 orbe
940 3748 1078 3834 redibit,

231 3945 286 4011 cet]
298 3943 396 3996 duria
415 3953 529 4011 congeret
547 3945 613 3995 orbis
626 3943 710 4004 totius,
727 3952 756 3995 ut
775 3943 848 4010 ipsas,
872 3942 984 3995 veniente
1000 3943 1127 3995 matricida
1147 3943 1261 4011 [Nerone
1278 3961 1366 4014 nempe

232 4029 411 4097 Antichristo],
430 4029 456 4080 iu
470 4030 550 4080 Asiam
560 4028 680 4080 effundat.
692 4057 722 4066 -

231 4175 343 4243 sepulcro
359 4175 435 4234 lovis,
449 4193 464 4227 ι
482 4175 574 4242 Sibylla
592 4175 683 4236 deriso,
698 4174 783 4226 conier
815 4176 926 4228 ὀλιῑταιε
942 4193 986 4228 nos
1005 4194 1069 4227 corr.
1084 4177 1177 4228 alludit
1195 4187 1277 4228 autem
1294 4187 1366 4245 poeta

233 4249 296 4302 Cels.
311 4253 376 4319 apud
391 4253 488 4318 Origen.
502 4253 544 4313 lll,
559 4253 575 4317 S
589 4254 630 4303 ta.
815 4254 847 4303 ad
866 4254 924 4305 AElii
947 4271 1036 4305 nomen
1050 4255 1174 4305 Hadriano
1192 4254 1290 4320 gentile.

268 4331 313 4387 to,
322 4344 375 4394 sqq.
392 4329 442 4379 cfr.
454 4329 486 4388 V,
499 4328 580 4380 initio.
850 4335 890 4381 60.
910 4330 987 4380 Codd.
1002 4331 1078 4396 μέγας
1090 4329 1125 4381 ὧν
1138 4331 1241 4399 κράτος.

267 4406 309 4454 52.
329 4402 357 4454 ln
371 4405 533 4471 retrospecta<
551 4405 623 4455 metri
643 4403 731 4454 vitium
746 4413 783 4455 est
850 4410 889 4456 64.
909 4403 1071 4464 ΑΙΙΙαΙαῐνά,
1082 4422 1114 4456 an
1127 4422 1173 4473 pro
1188 4403 1288 4456 abisa?

233 4477 420 4531 immedicabile.
437 4481 471 4530 lte
481 4496 516 4540 re,
527 4480 572 4532 eir.
583 4481 613 4540 V,
628 4482 668 4543 tt,
679 4482 719 4531 ts.
850 4485 892 4542 65,
906 4498 958 4548 sqq.
975 4481 1026 4533 Clr.
1035 4480 1065 4545 ΙΙ,
1079 4484 1124 4543 51;
1138 4481 1185 4540 ΙΙΙ,
1198 4483 1238 4533 52.

265 4556 308 4608 st.
326 4554 404 4606 Codd.
415 4555 441 4605 in
453 4555 513 4609 line.
527 4555 622 4624 ἐχθρόν.
798 4587 800 4591 -
849 4561 890 4608 ΙΙ.
913 4557 962 4608 Cir.
976 4557 1050 4621 infra,
1070 4560 1125 4618 155,
1144 4573 1211 4625 sqq,
1223 4566 1249 4607 et
1261 4555 1291 4617 tt,
1303 4559 1366 4614 552.

270 4632 311 4681 59.
330 4629 408 4681 Godd.
419 4631 459 4685 tu
471 4632 537 4690 λίνος
549 4632 605 4705 (atii
615 4633 692 4699 λῖνος)
706 4633 782 4689 αὐτὸν
815 4649 868 4702 sqq.
884 4633 951 4685 ldem
967 4633 1069 4688 Neronis
1086 4633 1213 4705 epitheton
1227 4632 1254 4684 iu
1266 4632 1368 4689 oraculo
