3186 5310
567 430 849 492 SlBYLLlNORUM
869 431 943 491 LlB.
966 430 1015 490 Xl.
1288 431 1345 490 259

255 567 298 640 40
320 564 475 629 Mentitus
488 566 623 653 patriam
639 564 767 628 Thebas
781 587 818 627 ac
832 564 934 651 gentis
949 587 1092 627 amorem

321 670 462 755 Niliacae,
477 693 608 758 serpens
622 672 722 752 valer,
739 686 771 733 et
789 668 854 733 dua
866 669 993 734 inclitus
1008 669 1115 733 armis.

365 781 472 860 Quum
488 778 592 843 decies
607 778 757 842 duodena
769 795 859 841 vetus
875 795 949 865 post
966 801 1060 864 regna
1080 793 1221 866 potestas

321 885 454 972 Septimi
470 901 503 948 et
517 885 557 948 ad
571 884 688 949 decimi
702 883 798 948 finem
811 883 974 948 duraverit
988 882 1056 966 aevi,

321 991 461 1055 Sublatis
481 992 567 1078 aliis,
587 990 761 1057 dominatio
775 991 900 1056 Persica
917 1008 1036 1079 surget.
1118 1023 1125 1033 ·

256 1097 295 1175 45
320 1099 410 1161 Tunc
426 1115 458 1162 et
474 1098 591 1163 Judaeis
605 1122 668 1162 nox
683 1099 809 1185 ingruet
822 1114 1025 1186 atra,·neque
1039 1097 1095 1160 illo

321 1206 480 1293 Tempore
497 1205 642 1269 vitabunt
659 1203 765 1268 miseri
780 1221 944 1293 pestemve
961 1203 1127 1269 famemve.

366 1311 428 1375 Sed
441 1335 541 1398 quum
555 1313 650 1376 Persa
662 1310 753 1376 dabit
771 1313 868 1398 leges,
887 1327 1113 1399 sceptrumque
1127 1306 1299 1395 relinquet·

322 1418 479 1482 Natorum
496 1435 666 1499 extremm,
681 1441 810 1482 cursum
825 1418 1022 1482 vertentibus
1038 1417 1139 1495 lroriS,

320 1526 456 1588 Centum
472 1548 509 1589 ae
521 1525 663 1606 vicenos,
682 1548 747 1587 uon
765 1523 913 1611 amplius,
930 1547 1002 1587 orsa
1017 1546 1076 1611 per
1092 1547 1204 1609 annos,

255 1632 298 1694 50
321 1634 495 1719 Postquam
510 1632 600 1697 saecla
618 1656 732 1695 novem
751 1631 973 1720 compleveris,
993 1630 1100 1693 omnia
1114 1631 1236 1694 solves:

320 1738 451 1802 Foedum
469 1738 587 1827 quippe
602 1738 695 1822 seres,
714 1738 818 1802 Persis
831 1736 997 1825 Medisque
1010 1738 1154 1817 subacta,

321 1846 502 1927 Servitium,
523 1846 693 1934 plagasque
711 1869 834 1934 graves,
853 1862 886 1910 et
900 1845 1008 1933 praelia
1022 1845 1112 1910 dura.

365 1952 428 2017 Sed
445 1976 518 2016 mox
531 1952 668 2041 Assyriis
680 1952 848 2039 Persisque
867 1952 949 2015 mala
964 1975 1083 2039 aspera«
1095 1966 1236 2038 surgent,

321 2059 461 2148 AEgypto
474 2060 579 2142 simul,
599 2077 631 2123 et
643 2058 747 2139 vobis,
761 2058 828 2125 Afri
843 2057 1087 2146 AEthiopesque,

256 2166 297 2229 55
321 2168 435 2247 Vobis,
452 2166 634 2255 Pamphyli,
650 2165 743 2230 simul
759 2165 909 2229 omnibus
928 2164 1070 2252 undique
1087 2164 1191 2229 terris.

322 2271 419 2359 Regia
433 2275 596 2360 prognatis
615 2289 692 2336 tunc
707 2289 757 2335 cst
775 2271 917 2336 reditura
933 2287 1094 2361 potestas:

322 2380 501 2443 Vastabunt
514 2402 623 2443 rursus
637 2378 787 2468 populos,
804 2378 908 2466 deque
925 2377 1075 2442 omnibus
1087 2376 1171 2464 agris

321 2485 436 2572 Ampla
455 2485 557 2548 ferent
568 2484 683 2573 spolia,
698 2501 730 2548 et
743 2482 822 2550 nulli
836 2486 904 2570 jam
920 2507 1051 2572 parcere
1065 2484 1201 2548 discent.

320 2591 458 2655 Plebuut
476 2592 555 2655 lieu!
573 2592 678 2654 Persae
697 2590 802 2654 miseri
820 2614 920 2678 prope
939 2589 1079 2679 Tigridis
1095 2588 1213 2664 undas3

252 2700 295 2763 60
317 2700 422 2762 Flebit
436 2716 467 2762 et
483 2699 654 2787 AEgyptns,
671 2699 872 2787 lacrimisque
891 2698 1042 2763 immersa
1056 2698 1192 2763 natabit.

356 2804 465 2869 ‘Multa
479 2804 588 2887 etiam,
605 2805 688 2869 mala
703 2806 802 2869 multa
824 2805 906 2869 feret
918 2805 995 2888 tibi,
1012 2805 1139 2870 Medica
1157 2802 1269 2881 tellus,

318 2910 417 2978 Indus
439 2912 537 2976 homo
550 2912 704 3001 locuples,
722 2912 825 2977 donec
839 2914 934 3000 plene
953 2913 1060 2975 omnia
1075 2912 1191 2993 solvas,

320 3020 399 3100 Quae
416 3035 488 3082 suut
504 3017 587 3083 lacta
605 3019 663 3083 tibi
679 3035 790 3083 contra
808 3018 855 3082 fas
873 3036 967 3106 atque
981 3018 1151 3106 pudorem.

231 3251 336 3302 Sedeciae
348 3262 373 3302 et
391 3252 471 3301 Esdrae
487 3263 596 3318 tempora
615 3251 771 3302 crassioribus
788 3253 918 3317 numerisl.
936 3280 967 3290 -
983 3256 1024 3313 53,
1039 3269 1091 3318 sqq.
1111 3253 1179 3303 Bella
1192 3253 1256 3302 inter
1268 3262 1349 3317 gentes

232 3336 373 3400 omnigenas
385 3352 391 3385 ι
405 3338 515 3402 potentia
527 3336 666 3387 ludaeomm
678 3338 747 3404 [post
760 3337 877 3402 Esdram]
889 3336 994 3386 rediviva
1007 3338 1044 3402 [et
1057 3337 1157 3402 quidem
1167 3337 1267 3388 Iudaica
1273 3338 1350 3403 iacta·

232 3421 299 3469 tione
312 3421 402 3469 mirum
418 3431 536 3484 quantum
550 3431 619 3471 ancta
629 3423 646 3485 l.
658 3450 691 3458 -
706 3426 748 3484 cl,
763 3438 816 3486 sqq.
831 3421 895 3471 Medi
908 3421 948 3486 [id
962 3431 1007 3476 est,
1022 3423 1136 3487 Assyrffi]
1148 3421 1179 3472 ab
1195 3421 1349 3488 AEthiopibus

230 3503 362 3568 [videlicet
374 3505 400 3554 in
412 3504 516 3570 AEgypto
530 3505 731 3570 dominantibus]
743 3507 851 3571 oppressi
866 3522 909 3571 per
921 3521 997 3558 annos
1015 3505 1089 3556 CVll.
1100 3533 1134 3544 -

231 3697 366 3762 pracsertim
379 3707 485 3762 quatuor
498 3696 573 3744 libros
591 3698 616 3745 in
629 3712 711 3745 versus
726 3698 774 3746 fine
808 3695 851 3757 lll,
868 3698 925 3758 209,
939 3696 1017 3761 Καρσί
1036 3697 1097 3762 legas
1118 3714 1162 3763 pto
1173 3700 1253 3748 πᾶσιΡ
1268 3714 1296 3747 ac
1310 3700 1352 3749 dc-

232 3773 338 3840 positum
349 3772 396 3822 hoe
410 3772 554 3822 numerandi
566 3788 646 3824 sensu.
808 3773 873 3830 inde,
888 3773 1051 3822 recentiorum
1065 3789 1142 3831 more,
1154 3774 1354 3837 ΠαμφυλίοισινΡ

150 3905 154 3911 ,
268 3853 308 3900 50.
325 3849 402 3899 Codd.
424 3851 535 3904 τελεθείς.
558 3849 625 3898 Finis
647 3863 729 3896 versus
749 3846 775 3895 in
808 3849 926 3913 qnodhic
940 3850 1038 3912 quidem
1051 3849 1170 3898 malimus.

233 3926 356 3993 Sibyllinis
383 3926 495 3992 frequens
512 3924 627 3984 occurrit,
654 3924 685 3985 V,
713 3927 775 3982 190;
843 3929 883 3975 59.
903 3926 938 3974 Ex
951 3925 1017 3986 Vlll‚
1031 3930 1072 3976 61.

232 4001 774 4068 Vlll‚129,etcCompellaturautchudtca,
843 4005 884 4050 61.
903 4000 978 4050 Codd.
995 4002 1068 4063 μηδία
1084 4002 1126 4064 τὲῃ
1143 4001 1180 4051 rel
1195 4009 1247 4067 τεῇ.
1264 4002 1353 4054 (lotifer

232 4079 292 4129 licet
303 4079 386 4128 absens
405 4089 429 4128 et
451 4077 615 4138 innominata,
637 4077 700 4125 sicut
719 4077 778 4125 alias
811 4078 881 4127 Κέλτι
891 4079 957 4140 γαίη,
974 4076 1024 4133 Vll,
1043 4080 1098 4134 105,
1111 4087 1135 4126 et
1149 4077 1206 4127 talia
1216 4080 1311 4142 passim.

233 4170 284 4204 non
298 4155 384 4213 semel;
397 4163 421 4204 et
435 4155 469 4203 sic
481 4152 611 4216 aliquando
631 4150 706 4201 Roma
721 4150 777 4200 sub·
844 4155 886 4203 62.
905 4153 980 4202 Codd.
998 4153 1059 4218 ἀνήρ
1074 4168 1123 4200 non
1137 4152 1236 4204 habent.
1254 4154 1353 4204 Minime

234 4229 342 4288 auditur,
356 4229 398 4287 ill,
410 4233 472 4289 3303
486 4227 542 4284 llll,
558 4230 616 4285 att,
629 4235 676 4275 ete.
811 4239 890 4279 autem
910 4228 1012 4277 dubium
1034 4238 1069 4277 est
1091 4228 1239 4279 Sabaconem
1253 4230 1293 4279 bie
1313 4230 1354 4280 de·

269 4307 311 4355 52.
330 4305 359 4354 ln
372 4305 427 4363 fine,
441 4304 512 4354 codd.
526 4302 639 4364 ὑσμίνης.
810 4305 916 4369 signari:
929 4304 984 4353 vide
996 4312 1047 4354 not.

270 4383 311 4430 54.
329 4380 406 4430 Codd.
428 4380 498 4444 ticin
515 4379 566 4444 τῇδ’
584 4379 631 4428 nib.
651 4397 655 4426 :
672 4381 777 4429 correxit
844 4383 885 4440 62,
901 4396 940 4443 sqt
955 4381 1033 4429 lldvr'
1044 4380 1168 4437 ἀποτίσεις
1178 4384 1235 4439 ὅσα,
1249 4400 1273 4431 κ.
1287 4400 1308 4431 τ.
1319 4386 1353 4447 lt,
1375 4404 1384 4423 v

235 4455 364 4507 Friedlieb.
812 4457 908 4506 dicendi
923 4456 998 4505 lorma
1012 4465 1047 4505 est
1066 4457 1092 4505 in
1108 4456 1234 4522 Sibyllinis
1253 4458 1353 4523 mirata,

271 4535 312 4583 55.
331 4531 406 4581 Codd.
421 4532 463 4582 καὶ
476 4533 537 4583 πᾶσι
551 4550 630 4600 παμφ.
650 4531 702 4594 An,
715 4533 779 4583 sicut
812 4543 839 4582 ut
852 4533 881 4588 V,
898 4534 954 4591 191,
966 4540 990 4581 et
1003 4547 1072 4599 saepe.
