3186 5310
310 397 351 458 86
637 397 897 461 ΣΙΒΥΛΔΙΔΚΩΝ
917 401 1042 461 ΛΟΓΟΣ
1062 401 1096 460 Γ.

421 545 541 611 Οὕνεκοί
556 546 584 612 οἱ
597 550 792 640 προφέριστοι
808 550 878 616 ε’σαν
894 551 1033 643 μερόπων
1054 548 1231 640 ἀνθρώπων.

421 653 551 743 Τρισσαὶ
566 645 604 729 δη
621 646 740 745 μερίδες
757 657 844 749 γαίης
860 655 941 723 κατὰ
960 663 1069 749 κλῆρον
1085 654 1231 739 ἑκάστου,

318 755 378 824 115
423 761 485 827 Καὶ
506 760 681 846 βασιλευσεν
696 767 825 844 ἕκαστος
845 766 921 857 ἔχων
943 768 1046 857 μέρος,
1071 756 1135 831 οὐδ’
1155 763 1328 858 ἐμάχοντο·

421 849 517 958 ὁρκοι
531 868 589 961 γοίρ
609 871 639 935 τ’
659 872 794 965 ἐγένοντο
817 874 947 966 πατρὸς,
965 863 1084 964 μερίδες
1103 898 1137 938 τε
1158 863 1287 939 δίκαιαι.

422 973 538 1048 Τηνίκα
559 968 598 1050 δὴ
620 980 734 1072 πατρὸς
754 983 856 1059 τελεος
872 981 978 1073 χρόνος
995 981 1079 1046 ἵκετο
1097 983 1208 1072 γήρως,

422 1080 485 1149 Καί
505 1088 529 1176 ρ’
548 1083 668 1153 έθανεν·
689 1087 740 1153 καὶ
759 1080 882 1166 παῖδες,
903 1080 1088 1179 ὐπερόασίην
1103 1087 1218 1178 ὅρκοισι

421 1194 524 1266 Δεινην
542 1195 738 1275 ποιήσαντες,
758 1198 806 1261 ἐπ’
820 1196 972 1272 ἀλληλους
991 1195 1049 1288 ἔριν
1066 1188 1179 1286 ὦρσαν,

323 1319 384 1360 120
426 1276 471 1379 ὸς
488 1298 637 1367 πάντεσσι
659 1305 827 1394 βροτοῖσιν,
844 1303 921 1395 ἔχων
939 1294 1106 1389 βασιληίδα
1120 1302 1226 1393 τιμὴν,

423 1387 530 1497 Δρξει·
546 1407 597 1473 καὶ
614 1412 790 1500 μαχέσαντο
806 1411 922 1503 Κρόνος
942 1409 1036 1477 Τιτοίν
1053 1435 1087 1475 τε
1102 1409 1178 1498 πρὸς
1194 1409 1316 1485 αὐτοός.

424 1514 504 1591 Τοὺς
519 1506 556 1580 δὲ
570 1498 646 1599 Pin,
664 1516 715 1582 καὶ
730 1519 821 1602 Γαῖα,
836 1517 1057 1609 φιλοστέφανός
1078 1518 1108 1582 τ’
1122 1503 1299 1606 Ᾰφροδίτη,

427 1623 576 1713 Δημήτηρ
596 1647 641 1706 τε,
656 1624 707 1689 καὶ
722 1611 833 1709 Eorta,
851 1623 1042 1715 εὐπλόκαμός
1060 1649 1093 1690 τε
1113 1625 1223 1711 Διώνη,

429 1712 554 1823 Κγαγον
574 1729 603 1806 ἐς
623 1731 738 1821 φιλίην,
761 1732 974 1825 σοναγείρασαι
994 1735 1144 1817 βασιλῆας

322 1841 383 1906 125
427 1835 568 1919 Πάντας,
588 1826 764 1930 ἀδελφειοός
779 1865 826 1918 τε,
846 1837 1008 1929 συναίμους
1025 1843 1067 1921 τ’,
1085 1839 1119 1913 ἠέ
1140 1837 1191 1902 καὶ
1214 1833 1327 1916 ἄλλους

424 1932 621 2033 Ᾰνθρώπους,
645 1944 676 2010 οἵ
693 1949 720 2010 τ’
737 1941 813 2024 ἦσαν
834 1947 886 2038 ἀφ’
906 1946 1036 2038 αἵματος
1055 1937 1110 2020 ἡδὲ
1125 1946 1262 2018 τοκηων·

426 2049 491 2118 Καί
506 2055 530 2142 ρ’
542 2051 658 2140 ἔκριναν
680 2055 814 2137 βασιλῆα
829 2053 946 2145 Κρόνον
964 2053 1089 2120 πόντων
1110 2051 1297 2135 βασιλεύειν,

428 2157 548 2224 Οὕνεκοί
572 2183 620 2225 τοι
634 2153 817 2253 πρέσόιστος
835 2155 911 2246 [ἔην]
928 2187 962 2254 γε
985 2159 1036 2226 καὶ
1054 2151 1134 2236 εἶδος
1148 2153 1284 2248 ἄριστος.

427 2245 548 2349 ὁρκους
570 2255 600 2330 δ’
619 2261 692 2332 αὖτε
709 2266 817 2360 Κρόνῳ
839 2267 989 2358 μεγάλους
1008 2263 1106 2332 Τιτὰν
1122 2264 1259 2346 ἐπέθηκε,

325 2378 386 2443 130
426 2372 480 2446 Μὴ
497 2368 579 2462 θρέψ’
601 2367 713 2464 ἄρσενα
729 2374 780 2439 καὶ
800 2365 920 2442 παίδων
939 2375 1035 2468 γένος,
1056 2378 1096 2452 ὡς
1117 2374 1279 2464 βασιλεόσρ

429 2478 540 2559 Αὐτὸς,
560 2481 636 2546 ὅταν
650 2480 744 2572 γῆράς
760 2506 793 2546 τε
811 2479 915 2573 Κρόνῳ
931 2480 982 2548 καὶ
1002 2486 1092 2573 μοῖρα
1107 2481 1251 2551 πεληται.

429 2569 561 2651 Οππότε
574 2610 623 2650 κεν
639 2576 676 2651 δὲ
691 2571 750 2660 Pin
765 2587 877 2667 τίκτεν,
896 2588 981 2680 παρὰ
996 2576 1247 2662 τόνδ”ἐκοίθηντο

429 2694 570 2769 Τιτῆνες,
594 2691 647 2757 καὶ
660 2695 750 2760 τέκνα
765 2685 896 2761 διέσπων
913 2692 1022 2788 ἄρρενα
1041 2693 1158 2774 ποίντα,

432 2801 536 2872 Θόλεα
553 2791 587 2865 δὲ
603 2791 691 2876 ζῶντ’
704 2799 769 2866 εἴων
789 2801 817 2869 οἱ
836 2799 920 2893 παρὰ
938 2802 1032 2894 μητρὶ
1047 2799 1217 2894 τρέφεσθαι.

330 2906 390 2977 135
433 2890 510 2981 Ᾰλλ’
522 2909 575 2972 ὅτε
596 2915 637 2997 τῇ
653 2906 779 2999 τριτάτῃ
799 2919 884 3003 γενεῇ
900 2913 968 2974 τέκε
983 2907 1095 2975 πότνια
1113 2891 1199 2989 Petu,

434 3011 524 3103 Τίχθ’
543 2995 629 3105 Κρην
643 3018 783 3106 πρώτην·
802 3015 854 3081 καὶ
874 3013 937 3082 ἐπεὶ
955 3006 1020 3081 ἴδον
1042 3015 1225 3105 ὀφθαλμοῖσι

433 3121 520 3192 Θῆλυ
538 3122 635 3212 γένος,
653 3123 771 3213 ᾤχοντο
785 3121 861 3211 πρὸς
882 3122 992 3198 αὐτοὺς
1015 3118 1115 3215 ἄγριοι
1132 3112 1239 3213 ἄνδρες

435 3232 573 3304 Τιτῆνες.
589 3227 653 3293 Καὶ
673 3228 781 3295 ἔπειτα
799 3212 858 3302 Ρέη
880 3231 961 3295 τέκεν
983 3225 1094 3319 ἄρσενα
1111 3219 1222 3309 παῖδα,

434 3335 497 3402 Τὸν
512 3336 631 3425 ταχέως
647 3325 796 3424 διέπεμψε
805 3335 914 3428 λοίθρη,
936 3326 998 3428 ἰδίη
1016 3328 1050 3401 δὲ
1073 3336 1245 3427 τρέφεσθαι,

333 3450 396 3526 140
437 3425 479 3520 Κς
494 3441 640 3534 Φρυγίην,
658 3450 737 3533 τρεῖς
754 3433 866 3536 ἄνδρας
885 3441 1023 3535 ἐνόρκους
1038 3447 1166 3532 Κρῆτας
1181 3447 1311 3509 ἑλοῦσα·

436 3550 573 3615 Τοῦνεκοί
587 3547 615 3612 οἱ
628 3549 673 3615 Δί’
692 3548 893 3642 ἐπωνόμασαν
907 3549 947 3630 θ’,
966 3552 1013 3616 ὅτι
1032 3549 1059 3616 οἱ
1075 3539 1257 3641 διεπέμφθη.

437 3641 482 3736 Ως
496 3646 525 3721 δ’
547 3658 647 3735 αὕτως
667 3646 815 3749 διέπεμψε
837 3648 1038 3724 Ποσειδάωνα
1054 3655 1220 3747 λαθραίως.

437 3768 465 3830 Τ
466 3766 482 3832 ὸ
501 3763 604 3854 τρίτον
621 3760 657 3831 αὖ
675 3767 848 3832 Πλούτωνα
865 3748 923 3838 Ῥέη
944 3766 1010 3830 τέκε
1025 3756 1078 3830 δῖα
1095 3770 1260 3854 γυναικῶν,

438 3864 589 3945 Δωδώνην
607 3883 772 3965 παριοῦσα,
792 3871 857 3938 ὅθεν
879 3875 940 3965 ῥέεν
959 3868 1037 3963 ὑγρὰ
1055 3871 1181 3937 κέλευθα

366 4131 423 4180 113.
442 4127 517 4181 Vacat
526 4133 702 4199 οίφιοιιοιιιειι,
713 4139 741 4180 ut
752 4128 817 4180 infra
827 4132 875 4180 1³4
942 4129 998 4178 127.
1016 4126 1112 4178 Durum
1129 4137 1166 4178 est
1188 4128 1231 4178 καί
1256 4126 1278 4192 ῤ’
1292 4125 1395 4193 Ιἔκριναν
1418 4126 1453 4176 ob

273 4233 284 4246 κ
329 4211 354 4256 σε
371 4209 428 4264 141,
445 4206 607 4257 Alexandrino
623 4223 701 4267 more,
722 4206 752 4254 de
770 4221 820 4270 quo
832 4222 876 4255 uos
906 4213 1044 4271 correptam
1052 4206 1114 4255 male
1124 4203 1241 4271 syllabam
1252 4201 1278 4251 in
1290 4202 1396 4269 ἔκριναν,
1409 4203 1453 4252 sed

330 4281 390 4332 Exc.
405 4280 460 4340 Vll,
471 4299 524 4349 cap.
542 4289 566 4343 8,
577 4301 629 4351 pag.
641 4286 698 4335 597.
710 4281 876 4347 Athenagoras
907 4278 1026 4349 Sibyllino
1042 4281 1130 4332 mendo
1145 4299 1152 4330 ;
1168 4278 1212 4331 cfr.
1233 4279 1289 4329 Exc.
1304 4287 1380 4328 nostr.
1396 4276 1453 4338 vll,

331 4367 412 4409 tamen
427 4375 500 4425 supra
514 4359 601 4410 citatus
619 4376 663 4427 pro
671 4357 775 4408 articulo
787 4357 877 4424 plurali
907 4371 960 4424 cap.
974 4361 999 4409 θ.
1184 4369 1186 4373 ’

332 4431 430 4483 videtur
443 4433 507 4485 hanc
521 4435 633 4501 copulam
649 4435 770 4485 habuisse.
945 4437 999 4486 128.
1019 4433 1057 4483 An
1079 4432 1170 4484 οὕνεκά
1188 4436 1220 4493 οἱ,
1243 4439 1270 4481 ut
1290 4445 1363 4496 supra
1388 4432 1455 4482 118?

368 4512 423 4560 122.
443 4511 511 4578 Vulg.
528 4512 586 4569 τοὺς
600 4512 621 4562 δ’
638 4513 707 4578 Ἥρη
718 4525 725 4560 :
735 4520 779 4561 ιιοε
789 4524 853 4560 nort.
908 4509 984 4560 Codd.
996 4509 1144 4580 πρέσόιστός
1156 4509 1178 4560 τ’
1188 4503 1218 4575 ἦν
1233 4524 1261 4578 γε
1276 4522 1283 4558 :
1296 4521 1341 4557 nos
1353 4521 1417 4557 corr.
