3186 5310
535 899 1027 1076 lnonrnor

300 1236 505 1302 ΠΡΟΛΟΓΟΣ
525 1235 590 1295 ΕΙΣ
609 1235 714 1297 ΤΟΥΣ
734 1235 1018 1297 ΣΙΒΥΛΔΙΑΚΟΥΣ
1037 1233 1261 1296 ΧΡΗΣΜΟΥΣ.

692 1470 872 1515 J-mo—

282 1724 321 1792 Ei
346 1725 384 1791 τὸ
403 1722 471 1827 περί
492 1724 548 1797 τὴν
576 1721 743 1817 ἀνάγνωσιν
765 1734 827 1790 τῶν
853 1712 1029 1797 Ἑλληνικῶν
1055 1733 1180 1817 γραφῶν
1206 1724 1341 1790 ἐκπονεῖν

231 1833 347 1906 πολλὴν
368 1835 431 1908 τοῖς
450 1831 606 1896 ἐκτελοῦσι
629 1831 683 1903 τὴν
709 1831 853 1921 ὠφέλειαν
876 1824 1101 1926 ἀπεργάζεται,
1122 1831 1176 1897 άτε
1198 1836 1342 1921 πολυμα-

230 1939 289 2017 θεῖς
308 1939 378 2016 τοὺς
404 1935 471 2030 περὶ
491 1946 593 2002 ταῦτα
614 1932 808 2016 πονήσαντας
836 1940 993 2006 ἐκτελέσαι
1020 1929 1201 2030 δυνάμενον,
1233 1941 1341 2021 πολλῷ

230 2050 347 2139 μᾶλλον
363 2043 433 2136 περὶ
450 2044 506 2120 τάς
525 2040 603 2122 θείας
622 2039 752 2137 γραφάς,
773 2045 827 2112 άτε
852 2045 921 2138 περὶ
940 2046 1020 2112 Θεοῦ
1039 2044 1091 2111 καὶ
1110 2051 1171 2111 τῶν
1194 2047 1339 2134 ὠφέλειαν

230 2149 359 2247 ψυχικὴν
383 2145 605 2244 προξενούντων
632 2143 805 2238 δηλούσας,
834 2152 905 2230 τοὺς
924 2147 955 2219 εὖ
984 2160 1171 2246 φρονοῦντας
1194 2153 1341 2243 προσήκει

231 2252 388 2354 σχολάζειν
414 2250 599 2344 διαπαντὸς,
627 2248 755 2325 διπλοῦν
780 2258 887 2326 ἐκεῖθεν
914 2261 950 2326 τὸ
974 2249 1080 2353 κέρδος
1108 2247 1340 2350 κερδαίνοντας,

231 2370 356 2445 ἑαυτούς
383 2392 417 2433 τε
436 2365 585 2442 καὶτοὺς
605 2364 846 2458 ἐντυγχάνοντας
871 2373 995 2458 ὠφελεῖν
1017 2359 1212 2458 δυναμένους.
1241 2344 1341 2443 θδοξε

233 2472 333 2541 τοίνυν
360 2463 412 2538 διὰ
439 2481 539 2538 ταῦτα
563 2471 643 2562 κάμέ
658 2471 730 2549 τοὺς
758 2475 985 2567 ἐπιλεγομένους
1012 2469 1229 2550 Σιύυλλιακοὺς
1253 2475 1342 2563 Χρη·

231 2581 349 2673 σμοθς,
371 2569 530 2670 σποράδην
549 2578 843 2669 εὑρισκομένους-καὶ
866 2582 1118 2673 συγκεχυμένους,
1145 2580 1201 2652 τήν
1222 2579 1341 2645 τούτων

233 2686 401 2782 ἀνάγνωσιν
421 2683 471 2752 καὶ
494 2683 653 2780 ἐπίγνωσιν
672 2686 807 2776 ἔχοντας,
834 2684 874 2765 είς
895 2687 966 2776 μίαν
988 2683 1147 2778 συνάρειαν
1166 2685 1218 2752 καὶ
1245 2687 1342 2778 ἁρμο-

233 2793 298 2862 νίαν
317 2792 453 2860 ἐκθέσθαι
472 2800 530 2858 τοῦ
552 2792 665 2887 λόγου,
685 2794 725 2868 ὡς
750 2785 785 2857 ἐν’
805 2794 984 2861 εὐσύνοπτοι
1003 2799 1066 2881 τοῖς
1087 2794 1342 2887 ἀναγινώσκουσιν

232 2901 330 2987 ὄντες,
350 2901 406 2973 τὴν
426 2892 457 2977 ἐξ
477 2899 574 2964 αὐτῶν
595 2901 740 2989 ὡρελειαν
755 2890 876 2978 τούτοις
893 2892 1162 2989 ἐπιύραύεύσωσιν,
1179 2901 1234 2967 οὐκ
1252 2898 1344 2992 ὀλίγα

231 3018 292 3076 τῶν
307 3005 478 3101 άναγκαίων
496 3004 547 3072 καὶ
561 3006 718 3097 χρησίμων
739 2997 916 3088 δηλοῦντες,
931 3007 983 3075 καὶ
1004 3008 1262 3099 πολυτελεστέραν
1278 3007 1344 3100 άμα

234 3111 287 3183 καί
304 3115 524 3206 ποικιλωτέραν
544 3114 600 3185 τὴν
619 3111 833 3205 πραγματείαν
855 3108 1105 3208 ἀπεργαζόμενοι.
1125 3112 1187 3179 Καὶ
1204 3110 1262 3206 γάρ
1277 3112 1345 3207 περί

232 3247 266 3290 τε
282 3221 418 3313 Πατρδς,
436 3218 508 3287 Υίοῦ
528 3216 579 3285 καὶ
607 3207 700 3313 Ᾰγίου
724 3217 904 3312 Πνεύματος
925 3230 979 3298 τῆς
999 3219 1078 3298 θείας
1104 3218 1156 3288 καὶ
1174 3213 1345 3314 ζωαρχικῆς

233 3320 366 3424 Τριάδος
391 3317 543 3421 άριδήλως
563 3317 760 3416 διασαφοῦσι,
785 3326 855 3420 περί
871 3353 905 3394 τε
932 3338 987 3405 τῆς
1007 3328 1150 3421 ἐνσάρκου
1171 3325 1369 3420 οἰκονομίαςἱ

232 3445 286 3503 τοῦ
307 3435 420 3528 Κυρίου
440 3433 492 3500 καὶ
510 3432 591 3500 Θεοῦ
607 3435 659 3500 καὶ
679 3437 817 3528 Σωτῆρος
836 3439 920 3525 ἡμῶν
945 3419 1035 3508 Ῐησοῦ
1054 3437 1211 3528 Χριστοῦ,
1240 3444 1294 3512 τῆς
1313 3437 1347 3501 ἐκ

232 3544 379 3636 παρθένου
395 3539 472 3636 φημὶ
495 3540 640 3635 άρεύοτου
655 3529 665 3570 ¹
681 3546 845 3635 γεννήσεως
855 3529 880 3626 ²,
900 3541 1029 3610 καὶτῶν
1049 3544 1122 3636 παρ’
1142 3545 1237 3610 αὐτοῦ
1261 3547 1347 3609 τελε·

251 3716 332 3771 'Ano
347 3713 424 3780 llujus
442 3711 592 3764 Praelstioois
604 3722 689 3764 auctor
703 3712 753 3782 ipso
765 3714 815 3780 jam
832 3713 863 3764 ab
881 3714 952 3766 initio
970 3731 995 3765 se
1013 3715 1111 3775 revelat,
1127 3716 1271 3783 compilator
1283 3715 1349 3766 scili-

231 3810 271 3853 cet
286 3810 310 3852 et
321 3801 446 3851 ordinator
461 3799 585 3867 sibyllino
598 3799 748 3851 collectionis
760 3798 892 3855 hodierne.
911 3799 996 3850 Voluit
1008 3799 1082 3851 homo
1101 3800 1252 3851 devotissime
1266 3798 1350 3850 Chris·

264 3949 380 3997 'ltrutns
392 3946 417 3996 io
429 3945 553 3997 codicibus
564 3945 631 3996 mstis
639 3944 699 3996 huic
712 3945 774 3996 Prae·
806 3945 871 4012 gitur
879 3947 929 4013 ipsa
939 3947 1052 4013 quidem,
1063 3946 1104 3997 sod
1117 3946 1248 4013 fragmenta
1256 3954 1350 3997 tontum

232 4022 317 4074 lationi
332 4022 421 4072 nullus.
438 4022 515 4085 Quom
528 4022 583 4072 ideo
597 4022 687 4072 nudem
700 4023 732 4072 od
751 4039 777 4073 se
807 4022 964 4073 lactsntious
985 4040 1014 4074 ex
1032 4025 1083 4090 ejus
1099 4023 1147 4074 line
1166 4024 1280 4089 decerpta
1290 4037 1297 4071 :
1308 4014 1351 4078 et<

232 4099 327 4149 missam
345 4097 376 4147 ab
396 4098 555 4156 Antimacho,
570 4097 711 4148 Florentino
726 4114 776 4147 me·
807 4096 902 4157 θεθςὸς
912 4098 1072 4167 μόνοςάρχιι,
1082 4119 1106 4150 κ.
1118 4118 1140 4150 τ.
1153 4103 1186 4159 λ,
1196 4116 1251 4150 eum
1257 4097 1350 4152 scholio

231 4176 301 4235 dico,
311 4174 389 4224 amico
400 4190 453 4230 sno,
468 4175 587 4225 secundus
601 4174 776 4241 Sibyllinorum
807 4173 837 4223 iis
849 4174 968 4240 subjecto.
993 4173 1054 4225 ltcm
1075 4176 1101 4226 in
1124 4175 1246 4241 plerisque
1265 4173 1348 4231 codol,

232 4252 312 4303 editor
326 4251 432 4301 Castalio
450 4251 525 4317 ipsius
540 4249 679 4300 Antimachi
700 4249 776 4299 fetum
807 4249 848 4299 sod
861 4250 912 4300 sine
926 4250 1027 4300 scholio.

232 4343 283 4377 csse
291 4326 403 4385 credidit,
416 4336 440 4376 et
450 4325 523 4375 istum
536 4342 643 4375 errorem
657 4323 776 4390 Opsopoeo
844 4329 865 4376 l.
884 4328 1017 4394 ’θρευστος
1026 4324 1217 4394 αἰνσάῤῥενστος
1229 4347 1241 4370 υ
1253 4324 1351 4375 effluvio

231 4403 304 4454 tertio
324 4401 412 4452 editori
434 4401 569 4467 ceterisque
592 4402 624 4451 ed
637 4415 680 4450 uos
700 4415 777 4466 nsque
810 4416 950 4459 «cerens»,
966 4401 1079 4472 frequens
1101 4411 1137 4452 est
1151 4402 1215 4468 epnrl
1230 4401 1352 4466 theologos

232 4476 372 4529 transmisit.
388 4474 416 4526 ln
430 4477 536 4528 editione
552 4477 664 4544 principe
678 4490 728 4524 non
740 4476 776 4525 le·
808 4493 896 4541 grecos
909 4477 1035 4544 epitheton
1053 4487 1147 4527 retornae
1164 4476 1236 4526 Verbi
1254 4492 1351 4542 gencra-

667 4856 856 4952 A
