3186 5310
553 400 556 410 '
638 398 690 459 ab
711 395 853 457 LIBRUM
873 395 951 457 xlv.
1292 387 1350 447 ³95

229 538 306 594 utque
326 528 358 578 de
370 528 427 578 solis
440 528 592 596 principibus
612 543 719 593 agamus,
733 527 774 577 ri·
804 527 913 593 nopolim
934 526 1072 588 translatis,
1095 526 1214 575 desertum
1237 530 1262 570 et
1282 515 1351 584 quasi

229 614 287 666 tus,
311 604 464 669 Hadrianus,
489 605 598 655 Licinius
620 603 774 654 Constantini
804 604 898 653 nudum
922 611 1070 652 remanserat
1094 601 1125 651 ab
1145 596 1259 649 extremis
1286 594 1352 644 Con·

228 680 334 744 collega,
360 682 533 733 Constantinus
558 682 609 747 ipse
634 679 774 746 prinsquam
805 680 904 729 stamini
919 679 1001 737 annis,
1021 679 1124 727 docente
1142 673 1245 725 Eusebio
1260 672 1286 720 iu
1299 669 1353 734 ejus

230 756 362 821 imperator
385 766 410 806 et
437 757 589 806 Christianus
614 755 690 805 lieret.
720 755 775 804 Non
806 756 923 822 principis
935 756 993 804 vita.
1006 755 1118 805 Julianus
1134 768 1190 801 vero
1201 764 1278 816 quum
1289 745 1351 797 illud

229 846 286 897 erqo
305 831 406 890 mirum,
427 848 503 898 quom
515 849 559 899 per
586 848 669 881 omnes
693 847 775 897 sparsa
806 839 938 896 repararet.
954 830 1089 880 instaurare
1098 828 1143 878 sibi
1153 828 1280 877 videbatur
1290 839 1353 889 prte-

176 902 178 907 ’
230 909 369 973 provincias
398 907 462 958 falsas
495 908 677 958 vaticinationis
701 908 774 973 adyta
806 905 906 972 cipuum
927 922 1025 972 pagane
1050 901 1229 954 vaticinationis
1251 895 1352 948 domici·

229 983 304 1033 etiam
325 992 378 1033 tum
400 985 455 1050 plus
469 983 579 1033 minusve
593 984 725 1042 florerent,
745 984 776 1032 de
806 981 875 1032 lium.
887 981 988 1031 Certum
997 992 1032 1031 est
1040 981 1115 1040 etiam
1127 979 1196 1028 illum
1206 975 1350 1042 principem,

230 1058 370 1127 propinquo
383 1076 468 1109 eorum
482 1061 548 1110 exitu
563 1060 624 1109 nihil
639 1058 776 1126 previdisse
806 1073 873 1106 mma
896 1056 976 1106 Persis
991 1057 1128 1113 illaturum,
1152 1049 1279 1102 adomnia
1299 1062 1352 1111 quar
1407 1093 1410 1102 ,

232 1135 360 1194 Nostrum:
375 1136 416 1184 sed
436 1136 576 1196 somniasse,
597 1137 661 1185 sicut
681 1136 707 1186 in
727 1134 775 1185 hoc
806 1142 859 1182 tum
872 1141 1016 1199 supererant
1027 1131 1127 1180 oracula
1138 1129 1230 1179 misisse
1239 1137 1352 1190 responsis

229 1226 300 1260 versu
320 1211 440 1272 ridemus,
461 1222 515 1278 post
542 1213 612 1277 longa
637 1221 775 1277 temporum
807 1210 959 1275 quaesituros,
973 1208 1193 1259 testeTbeodoret.
1209 1204 1270 1255 llist.
1284 1199 1350 1250 Eccl.

229 1287 358 1336 intervalla
374 1296 476 1353 postque
486 1288 574 1336 multas
588 1287 726 1353 principum
737 1303 774 1352 gc·
807 1284 885 1349 ΙΙΙ,8,
895 1296 920 1335 ct
930 1286 1021 1335 ibidem
1030 1284 1074 1344 ΙΙΙ,
1089 1286 1127 1345 le,
1145 1281 1187 1332 ubi
1199 1280 1273 1330 etiam
1285 1293 1353 1343 qute-

230 1363 369 1413 neratioues
384 1363 482 1428 publico
497 1364 542 1412 ista
553 1365 621 1429 jussu
637 1363 776 1412 consultum
807 1362 863 1411 dam
877 1379 907 1411 cx
920 1362 950 1412 iis
966 1362 1070 1411 oraculis
1096 1365 1280 1416 enumerantur,
1296 1353 1354 1403 Del·

230 1438 261 1488 iri
282 1454 326 1508 ppt·
346 1454 429 1488 omnes
453 1448 530 1488 terras
550 1456 556 1489 :
580 1438 690 1488 additum
713 1439 776 1488 male
808 1436 1137 1503 pborum,l)eli,1)odonae;
1160 1431 1290 1489 Himerius,
1308 1428 1353 1479 Ιιι-

231 1536 244 1559 «ι
260 1531 304 1581 per
317 1514 407 1563 insulas
422 1535 446 1573 u,
467 1515 523 1582 napi
543 1517 626 1574 νήσων
647 1515 691 1579 (sic
709 1514 776 1563 enim
807 1514 872 1564 liano
886 1530 985 1579 suppar,
1008 1513 1056 1562 alia
1068 1513 1117 1561 duo
1131 1509 1211 1567 addit,
1225 1508 1293 1558 Orat.
1308 1505 1352 1564 xl,

230 1606 319 1657 perum
343 1605 420 1652 grece
442 1605 488 1656 pro
511 1591 550 1640 διὰ
574 1592 680 1653 νήσων),
699 1606 775 1655 quum
807 1591 854 1657 5³,
864 1590 1058 1640 branchidarum
1066 1598 1090 1638 et
1098 1584 1254 1652 Colophonis,
1265 1582 1353 1633 sedhic

231 1664 256 1715 iu
277 1664 370 1715 wotffii
395 1667 504 1730 catalogo
524 1682 597 1732 supra
617 1666 715 1715 laudato
736 1664 775 1718 in·
807 1666 920 1733 sophistae
934 1682 1037 1731 semper.
1054 1673 1082 1714 ut
1095 1664 1164 1721 solet,
1175 1670 1256 1727 partes
1271 1673 1351 1725 agens,

230 1742 310 1792 tulare
324 1743 451 1792 oraculum
469 1742 574 1800 nullum,
596 1751 684 1808 praeter
700 1757 776 1791 unum
808 1742 886 1808 deque
894 1752 945 1791 tota
954 1741 999 1790 ista
1012 1756 1039 1790 rc
1053 1754 1169 1805 perorans
1185 1736 1291 1786 oratorie
1302 1735 1354 1785 ior-

231 1815 360 1882 Papbium.
372 1817 518 1882 reperiatur.
532 1817 621 1881 Utique
634 1833 706 1867 nemo
725 1827 776 1867 tum
808 1828 870 1868 tasse
882 1818 956 1883 magis
965 1833 1039 1882 quam
1050 1831 1115 1865 rere.
1132 1813 1222 1878 Utique
1235 1820 1291 1879 post
1305 1819 1354 1860 tres

231 1893 359 1958 cogimset
387 1901 444 1941 ante
470 1891 542 1941 unius
567 1892 647 1942 saeculi
672 1892 776 1958 spatium
808 1910 858 1943 non
875 1894 980 1960 amplius
1000 1908 1092 1951 annos,
1107 1890 1228 1940 entincto
1248 1885 1355 1945 iuliano,

211 2013 213 2019 .
231 1968 305 2017 finem
316 1967 394 2018 affore
405 1982 454 2015 non
472 1967 544 2015 modo
557 1967 662 2033 publicis
675 1969 776 2034 templo·
808 1970 888 2036 palam
908 1978 944 2018 est
966 1967 1079 2035 revisisse
1099 1963 1235 2015 Constantii
1258 1964 1352 2028 legem

232 2059 286 2093 nrm
299 2043 550 2098 oraculis‚sedetiam
560 2043 778 2108 qualibuscumque
808 2061 887 2109 neque
910 2045 974 2094 ultra
1000 2057 1174 2109 persequemur
1199 2040 1352 2090 oraculorum

232 2118 332 2186 privatis
346 2117 403 2168 licet
416 2118 620 2180 divinationibus,
636 2119 777 2185 proscriptis
807 2120 942 2180 historiam,
952 2136 1006 2185 quau
1015 2129 1067 2169 tum
1077 2119 1173 2168 demum
1185 2126 1294 2167 extremo
1303 2115 1354 2165 iato

232 2196 304 2245 sinui
319 2195 433 2245 omnibus
448 2195 584 2244 Constantii
603 2194 664 2262 imp.
685 2197 775 2258 edicto,
807 2214 836 2248 ac
859 2199 911 2247 sine
932 2214 975 2263 spe
1000 2198 1080 2246 denuo
1099 2193 1238 2260 resurgendi
1258 2192 1352 2242 cecide·

232 2271 298 2336 quod
312 2270 338 2320 in
352 2270 442 2320 Codice
455 2270 607 2320 Justinianco
619 2272 715 2336 legitur,
730 2272 773 2322 lib.
807 2284 871 2324 rant.
888 2274 1035 2340 Argumenro
1047 2272 1085 2321 vel
1104 2271 1129 2320 id
1142 2286 1218 2319 unum
1232 2268 1273 2332 sit,
1288 2267 1354 2334 quod
1382 2334 1384 2340 ,

233 2345 276 2406 lx,
289 2346 328 2397 tit.
347 2348 386 2403 ts,
404 2347 452 2410 leg.
465 2351 479 2396 5
493 2363 499 2396 ε
513 2368 525 2391 ι
540 2346 601 2413 imp.
620 2347 777 2397 Constantius
807 2351 838 2401 da
854 2350 894 2411 iis,
916 2360 1032 2415 tanquam
1046 2347 1149 2398 mortuis
1167 2356 1191 2396 ct
1205 2345 1312 2411 sepultis,
1328 2344 1354 2393 in

234 2441 247 2465 s
261 2422 381 2486 Augustus
393 2431 418 2470 et
435 2421 546 2471 Julianus
559 2422 639 2472 Caeslar
652 2423 682 2472 ad
701 2438 777 2489 popu·
807 2426 976 2476 Theodosiauo
996 2426 1050 2475 cod.
1067 2440 1098 2474 ne
1118 2424 1199 2488 agitur
1211 2420 1318 2488 quidem.

234 2519 248 2542 a
263 2498 323 2548 lum.
346 2496 423 2547 Nnc
439 2499 574 2563 aruspicem
599 2500 710 2548 consulat
734 2508 777 2549 aut
841 2504 907 2560 284,
929 2517 981 2566 sqq.
1006 2501 1097 2550 Rursus
1117 2509 1234 2564 tanquam
1254 2512 1283 2545 ex
1303 2495 1354 2546 Ro·

233 2594 246 2618 «
262 2573 470 2637 mathematicum,
480 2587 552 2624 nemo
559 2574 663 2624 ariolum
666 2611 774 2626 ..........
807 2593 880 2628 mano
893 2577 1020 2644 AEgyptius
1032 2586 1056 2626 et
1071 2573 1248 2625 Alexandrinus
1258 2572 1284 2622 lrt
1297 2572 1356 2621 Noa-

234 2670 247 2694 a
262 2648 337 2700 Sileat
364 2650 476 2699 omnibus
504 2660 621 2717 perpetuo
649 2651 777 2701 divinandi
808 2662 872 2703 ter:
894 2670 950 2703 nam
970 2653 1013 2718 qui
1030 2652 1147 2702 hactenns
1167 2649 1356 2715 longinquorum

235 2725 399 2776 «curiositas.
427 2726 524 2776 Etenim
547 2726 668 2793 supplicio
690 2727 777 2793 capitis
808 2730 948 2796 principum
958 2727 1108 2778 successione
1118 2725 1189 2775 unice
1201 2739 1356 2791 praeoccupa·

234 2800 369 2859 «ferietur,
383 2802 463 2867 gladio
472 2804 552 2852 nitore
566 2812 709 2871 prostratus,
723 2804 777 2869 qui·
808 2816 848 2856 tus
860 2805 950 2861 inerat,
963 2821 1029 2854 nuuc
1042 2804 1073 2853 ad
1087 2802 1167 2869 patria
1179 2800 1251 2860 redit,
1266 2816 1294 2849 ac
1303 2797 1355 2865 pri·

234 2897 247 2922 a
262 2892 367 2942 cumque
384 2878 455 2943 jussis
472 2880 561 2928 nostris
580 2878 724 2944 obsequium
737 2880 777 2929 de·
807 2899 876 2932 mum
897 2880 995 2947 AEgypti
1023 2880 1107 2929 laudes
1134 2878 1242 2938 inchoet,
1268 2875 1357 2925 deinde

233 2973 246 2996 α
261 2954 394 3019 negaverit.
412 2954 499 3004 Datum
509 2954 563 3005 Vlll
575 2956 627 3005 lial.
641 2954 712 3004 Febr.
727 2955 778 3005 lto-
808 2958 963 3009 Aleaandriae
979 2956 1049 3005 urbia
1059 2954 1208 3005 calamitates
1219 2953 1338 3019 deplorat.

233 3029 366 3091 «·diolani,
376 3031 519 3081 Constantio
539 3032 568 3080 A.
589 3031 623 3080 lx
638 3041 662 3081 et
679 3031 777 3080 Juliano
843 3037 900 3083 300.
915 3032 994 3082 Errrnt
1006 3027 1293 3094 lorrasseqnosoilendat
1303 3044 1355 3077 sera

234 3125 247 3150 ι
264 3106 292 3155 C.
310 3105 331 3154 ll
343 3123 418 3156 cos.»
438 3106 484 3167 Qui
499 3124 582 3162 ¹arianus
595 3117 630 3156 est
649 3117 703 3173 post
716 3107 775 3157 Chr.
809 3109 860 3159 hac
888 3108 982 3158 mentio
1009 3106 1124 3155 ludorum
1152 3104 1354 3170 Olympicorum:
1393 3141 1396 3149 ι

232 3190 285 3231 nat.
301 3186 358 3232 357.
373 3181 483 3232 Dubitari
500 3200 550 3236 non
568 3182 625 3232 licet
641 3183 776 3245 lulianum,
809 3183 933 3234 immerito
952 3193 1043 3239 tamen,
1065 3182 1122 3246 qnia
1143 3180 1222 3229 multo
1240 3189 1294 3245 post
1308 3189 1357 3229 ter·
1462 3205 1466 3214 ·

232 3257 394 3322 quadriennio
404 3269 459 3325 post
471 3261 607 3325 Augustum
619 3259 720 3321 iactum,
738 3276 778 3310 re-
808 3260 881 3316 tium,
890 3274 940 3323 quo
948 3257 999 3307 brec
1009 3257 1099 3322 scripta
1113 3264 1178 3314 sunt,
1193 3254 1306 3302 seculum
1318 3270 1358 3302 ce·

233 3348 329 3382 vocasse
341 3332 401 3382 illud
412 3334 518 3384 edictum
527 3334 653 3384 cuiCesar
662 3335 778 3401 ipsesub·
808 3335 898 3385 lebrari
912 3350 961 3384 non
976 3333 1073 3384 desiisse
1091 3332 1145 3381 illos
1159 3330 1238 3389 ludos,
1252 3345 1356 3379 consen·
1453 3340 1464 3357 ⁸

232 3408 368 3475 scripserat
384 3408 453 3459 Tunc
466 3410 539 3476 igitur
549 3411 588 3460 vix
596 3411 778 3477 sopitaoracula
810 3413 876 3462 tiunt
895 3427 979 3460 omnes
997 3410 1073 3460 docti.
1090 3407 1178 3470 Immo,
1195 3406 1306 3472 quamvis
1327 3406 1357 3454 de

232 3495 333 3550 tepente
346 3501 430 3534 somno
440 3503 538 3536 excussa
551 3496 616 3544 sunt,
628 3488 777 3550 nonomuia,
808 3504 873 3538 anno
889 3489 951 3554 ipso,
965 3503 1015 3547 quo
1027 3483 1148 3551 suppressi
1162 3492 1227 3544 sunt,
1241 3497 1356 3531 ncnc-on·

233 3559 281 3609 nisi
293 3559 408 3621 fallimur,
418 3561 459 3611 sed
471 3562 560 3627 quibus
574 3579 651 3611 novus
665 3565 726 3628 Aug.
740 3563 777 3612 rel
809 3574 866 3624 stet,
879 3563 1026 3631 superfuisse
1037 3576 1135 3629 paganae
1145 3558 1268 3624 religionis
1280 3557 1355 3608 exitio

233 3635 336 3702 pristina
361 3637 467 3687 subsidia
491 3637 630 3688 reddiderat
653 3639 690 3687 rel
716 3655 778 3688 nora
809 3657 855 3690 nec
868 3638 950 3689 statim
966 3654 981 3687 a
998 3636 1160 3687 Constantino
1178 3634 1282 3684 abolitos
1295 3649 1356 3690 esse,

232 3712 392 3779 impertierat,
404 3713 469 3763 inter
482 3731 536 3780 quse
550 3730 600 3763 non
610 3714 722 3764 ultimum
732 3714 780 3764 luit
810 3726 905 3766 certum
914 3725 959 3765 est.
973 3713 1056 3778 Neque
1065 3713 1132 3763 enim
1141 3709 1243 3760 cadebat
1257 3710 1282 3757 in
1292 3709 1357 3758 illius

233 3787 389 3854 Delphicum,
398 3789 485 3854 dequo
494 3789 654 3850 Cedrenus,l,
666 3806 718 3856 pag.
730 3795 777 3841 3οΙ
811 3791 965 3859 inperatoris
997 3790 1161 3857 primorumre
1193 3801 1358 3835 successorum

233 3865 304 3929 (pag.
322 3865 428 3927 snaed.
447 3865 540 3925 Βοιιιι.)
558 3885 564 3913 :
583 3868 679 3929 Πέμπει
692 3860 735 3917 οὖν
751 3866 779 3930 [d
811 3876 889 3916 artem
909 3866 1050 3933 politicam,
1072 3864 1117 3914 etsi
1145 3861 1244 3927 vestigia
1262 3860 1359 3927 pristini

242 3940 391 4004 Ἰουλιανὸς]
414 3942 556 4004 ’Optemus
571 3942 613 3991 τὸν
634 3943 720 4007 ἰατρὸν
737 3942 779 3991 καὶ
811 3943 892 3990 cultus
908 3941 996 3990 sensim
1014 3939 1111 3989 abolere
1124 3934 1264 3997 studebant,
1277 3945 1358 3986 umen

233 4017 394 4081 asoaiasupa
417 4015 441 4064 iv
464 4018 565 4080 Δελφοῖς
589 4018 713 4083 ἀνεγεῖραι
736 4019 778 4066 τὸν
812 4018 897 4083 populi
920 4014 1024 4066 Romani
1042 4014 1235 4080 «voluptatesn,
1259 4021 1287 4061 ut
1312 4012 1358 4078 ipsi

234 4091 292 4140 ναὸν
307 4090 352 4141 τοῦ
375 4093 522 4148 ’Λπόλλωνος
539 4108 545 4142 :
568 4115 580 4133 u
594 4092 668 4156 llisit,
688 4093 778 4159 inquit,
812 4095 838 4144 in
849 4095 980 4144 editissnis
997 4094 1131 4150 vocabant,
1148 4091 1244 4141 invecta
1263 4106 1360 4140 morum

236 4186 248 4210 ιι
263 4165 400 4216 Oribasium
411 4167 532 4216 medicum
541 4176 566 4216 et
576 4177 628 4217 tum
637 4178 780 4232 quaestorem
811 4187 932 4220 novorum
951 4169 1066 4229 tristitia,
1083 4169 1178 4219 tollere.
1204 4166 1280 4231 idque
1299 4166 1360 4217 adeo

236 4261 248 4285 e
264 4242 296 4290 ad
321 4243 504 4294 instaurandam
524 4242 645 4309 Apollinis
663 4245 748 4304 edem,
767 4266 779 4289 n
812 4248 939 4305 carebant,
959 4258 987 4298 ut
999 4245 1084 4303 sicubi,
1102 4242 1235 4313 prasertim
1254 4241 1280 4291 in
1297 4242 1361 4308 agris

235 4332 285 4366 non
311 4333 368 4366 aune
395 4317 524 4381 inutiliter,
551 4319 609 4383 quia
633 4319 694 4369 illud
718 4330 780 4370 tem·
812 4322 878 4372 circa
892 4321 1003 4381 Romam,
1017 4320 1065 4371 lteri
1084 4318 1213 4382 festivique
1233 4317 1360 4367 bominum

236 4391 442 4458 plnmsimnlacro
452 4395 540 4445 orbum
552 4394 596 4444 Dei
608 4396 656 4454 sui,
668 4406 692 4446 et
706 4397 780 4446 sacris
812 4407 947 4448 conventus
973 4399 1038 4448 circa
1064 4405 1133 4446 vetus
1153 4392 1253 4458 aliquod
1276 4392 1359 4444 lanum

235 4467 374 4536 tripodibus
397 4471 470 4522 simul
490 4487 546 4522 cum
560 4471 626 4522 idolo
642 4471 780 4523 Constanti·
813 4475 887 4526 certis
905 4475 965 4527 euni
975 4475 1062 4527 dicbus
1080 4471 1132 4522 ficri
1144 4470 1250 4521 solerent
1264 4471 1359 4537 (qualia
