3186 5310
457 431 744 493 SIBYLLINORUM
771 430 843 492 LlB.
866 431 916 491 vt.
1189 434 1243 494 131

212 562 370 628 iustitium
386 563 504 641 colere,
526 580 558 628 et
576 563 733 654 populum
753 579 918 628 convertet
937 561 1094 651 iniquum,

212 669 336 733 Caelesti
352 670 392 734 de
407 686 499 759 patre
517 694 616 758 genus
634 669 771 735 sublime
786 671 960 759 professus.

213 775 275 838 Per
288 774 402 840 lluctus
420 777 517 865 pedes
536 777 612 852 ibit3
628 794 660 842 et
672 800 783 841 omnes
796 777 861 841 sive
875 776 1015 854 dolores,

214 883 276 944 Seu
296 882 429 946 morbos
442 883 557 972 pellet3
581 883 708 947 functos
723 907 852 972 quoque
870 883 981 946 sunere
998 882 1100 947 solvet

154 986 189 1049 15
217 987 262 1050 Ex
282 1011 342 1051 uun
363 989 469 1052 radice
489 989 564 1053 cibo
584 987 712 1054 satiabit
729 989 838 1078 opimo

215 1092 380 1170 lllortolos,
401 1119 499 1183 quum
512 1094 609 1185 stirps
626 1113 748 1160 crescet
767 1094 936 1175 llavidicn‚
958 1097 1047 1181 cujus

217 1201 251 1260 ln
270 1200 416 1264 munibus
432 1202 557 1282 caelum,
578 1201 682 1278 tellus,
706 1225 805 1277 mare,
824 1218 910 1264 totus
929 1216 960 1263 et
976 1199 1077 1266 orbis.

216 1305 363 1392 Fulgebit
381 1306 484 1388 terris,
502 1307 629 1395 qualem
643 1306 753 1371 videre
766 1305 909 1394 priores,

216 1413 325 1475 blutuu
346 1412 401 1500 qui
415 1415 532 1496 junctis
545 1437 659 1502 cepere
672 1411 801 1477 exordia
822 1412 930 1477 costis.

152 1543 192 1582 20
217 1520 360 1608 Tempus
377 1521 449 1598 erit,
467 1544 566 1608 quum
584 1544 639 1609 spe
655 1519 748 1584 tellus
764 1518 916 1608 gaudebit
934 1518 1065 1585 alumni.

261 1629 398 1690 Teucro
416 1628 495 1691 mala
511 1628 590 1693 dura
610 1642 751 1708 manent,
765 1625 960 1691 Sodomitica
978 1626 1087 1703 tellus;

216 1733 342 1796 Numen
358 1733 476 1822 quippe
491 1749 582 1799 tuum
598 1757 806 1822 cognoscere,
819 1757 913 1813 vana,
928 1733 1067 1823 negasti,

217 1838 367 1902 Sensibus
387 1838 531 1904 humanis
545 1839 719 1905 ludentem.
742 1838 826 1921 Quin
843 1854 875 1903 et
894 1839 995 1904 acutis

218 1944 349 2008 Cinxisti
367 1945 465 2033 spinis
482 1964 589 2034 caput,
604 1962 637 2010 et
650 1946 705 2010 lita
720 1945 793 2009 selle
809 1944 924 2009 dedisti

153 2053 192 2114 25
217 2051 347 2126 Pocula,
366 2051 496 2114 ludibrii
514 2076 641 2141 poenum
656 2073 787 2140 passura
804 2048 947 2114 nefandi.

263 2159 291 2220 Ο
309 2157 427 2243 liguum
448 2157 533 2234 felir,
554 2159 584 2221 iu
601 2182 664 2246 quo
680 2160 766 2220 Deus
783 2156 851 2244 ipse
865 2155 1033 2245 pependit,

218 2263 289 2326 Nou
308 2280 338 2326 te
356 2281 438 2326 terra
455 2263 547 2339 seret,
565 2263 632 2327 caeli
648 2263 704 2328 sed
721 2262 839 2350 templa
857 2261 993 2338 videbis,

220 2372 328 2451 Quum
344 2385 495 2434 renovato
513 2369 571 2432 Dei
590 2369 685 2434 facies
702 2368 800 2456 ignita
816 2366 959 2434 micabit.

165 2584 205 2630 22.
225 2582 274 2631 Τὸν
289 2582 332 2631 σὸν
343 2582 416 2643 θεὸν,
430 2599 454 2630 κ.
469 2598 492 2630 τ.
503 2582 525 2631 1,
540 2599 545 2630 :
561 2579 607 2631 cir.
618 2579 674 2638 vtl,
706 2594 826 2636 essemus,
849 2578 868 2628 si
889 2577 1020 2629 verisimile
1037 2585 1098 2628 esset
1117 2578 1219 2630 lilium
1239 2596 1253 2631 e

132 2661 173 2718 53,
187 2661 228 2716 63,
239 2666 263 2706 et
273 2658 382 2707 camdem
395 2672 496 2723 agnosce
510 2672 617 2705 menum.
633 2655 674 2704 ei·
709 2656 829 2705 ττταίοντα
840 2654 877 2704 vel
890 2656 1007 2711 παίζοντα
1021 2652 1135 2703 derivari.

129 2741 165 2782 tst
183 2748 255 2797 porro
270 2731 335 2782 hunc
349 2742 374 2783 et
388 2733 436 2781 duo
449 2748 501 2798 sqq.
520 2731 672 2789 horontius,
739 2734 780 2780 23.
802 2730 877 2779 Codd.
901 2746 984 2779 omues
1003 2727 1114 2794 πνεῦμα,
1141 2729 1185 2780 ubi
1209 2747 1254 2783 nos

131 2807 172 2868 tt,
188 2824 242 2873 cap.
263 2811 300 2866 18,
314 2817 387 2874 atque
397 2825 427 2857 ex
440 2809 493 2873 ejus
501 2807 548 2857 lide
560 2807 674 2872 Augusti·
705 2808 788 2869 πῶμα.
810 2806 861 2855 cu.
874 2804 941 2866 vlit,
951 2808 1010 2867 231,
1023 2821 1060 2869 sq.
1072 2821 1080 2865 ;
1095 2808 1154 2863 303,
1166 2822 1202 2872 sq.

130 2898 185 2939 nus,
201 2883 231 2931 de
242 2882 292 2932 Cir.
309 2882 363 2940 Dei,
379 2882 467 2940 xvtll,
481 2899 534 2948 cup.
552 2886 590 2932 23.
739 2885 779 2931 26.
800 2881 865 2931 eiras
881 2880 947 2929 hunc
969 2895 1066 2929 versum
1089 2878 1252 2943 Soecmenns.

165 2962 206 3008 23.
226 2958 301 3007 Codd.
324 2974 408 3007 omues
427 2960 547 3008 πταίοντα
567 2958 676 3016 θνητοῖσι
706 2955 768 3006 llist.
784 2956 841 3021 trip.
857 2957 925 3022 stu,
940 2964 964 3005 et
979 2955 1040 3005 liist.
1056 2953 1123 3005 Ecct.
1146 2956 1169 3006 ll
1180 2957 1213 3023 ,S
1229 2963 1251 3009 1.

130 3035 266 3097 νοήμασιν,
283 3033 324 3082 ubi
344 3034 411 3082 lect.
427 3034 560 3091 παίζοντα,
575 3032 676 3081 minime
707 3031 797 3080 Habuit
816 3030 889 3080 etism
903 3030 929 3078 iu
949 3041 1030 3080 mente
1044 3029 1208 3081 Nazianzenus
1222 3033 1254 3083 sd

131 3107 332 3165 dubinlectione;
343 3107 600 3174 ipseenimsicrertit:
611 3107 676 3155 itu·
708 3105 860 3161 Nemesinm,
875 3105 918 3154 ubi
936 3105 970 3155 nit
988 3123 994 3154 :
1013 3105 1122 3172 Σταυρὸν
1138 3106 1164 3155 bi
1185 3109 1255 3158 σίδαι

133 3205 146 3228 «ι
156 3184 262 3243 dentem,
271 3184 331 3242 sive,
340 3192 366 3231 ut
374 3183 420 3232 ulia
430 3183 510 3232 lerunt
518 3181 674 3246 exemplaris,
708 3183 819 3248 μέτροισι
826 3182 937 3230 titubo.

133 3259 301 3309 «illudentem
321 3258 434 3308 humanis
452 3257 673 3322 cogitationibus»,
740 3261 781 3306 21.
801 3256 878 3305 Codd.
894 3257 941 3321 οὐχ
955 3257 1015 3312 listi
1029 3257 1058 3306 οὐ
1067 3258 1142 3322 χθών,
1155 3256 1197 3307 elii
1210 3259 1257 3326 οὐχ

133 3350 212 3400 neque
225 3335 289 3400 ipse,
301 3351 379 3400 neque
394 3333 464 3383 dirus
476 3333 625 3397 Augustinus
637 3332 674 3380 ri·
711 3333 760 3388 ἔξει
773 3333 857 3382 οὐκέτι
869 3331 945 3396 χθών,
958 3330 1082 3381 novissimi
1095 3332 1197 3398 pessime
1211 3335 1258 3401 οὐχ

132 3410 222 3459 dentur
235 3409 379 3459 lincoliensi
392 3408 464 3458 fuisse
483 3406 675 3468 sententis,1to·
707 3410 767 3463 ἱίτις
788 3406 875 3473 ἐχθρόν
892 3421 898 3455 :
912 3423 977 3457 corr.
992 3405 1050 3473 Ops.
1066 3408 1104 3458 dd
1117 3408 1183 3458 bunc
1201 3424 1256 3458 rer·

132 3493 241 3534 ceterum
257 3485 315 3534 licet
329 3484 438 3533 nemim
447 3483 588 3532 redolente:
600 3481 677 3531 subti·
707 3499 761 3533 sum
771 3483 825 3531 tide
834 3491 886 3532 not.

131 3559 206 3609 liores
219 3559 324 3626 theologi
338 3559 455 3609 medelum
470 3557 547 3608 textui
559 3556 677 3624 Sibyllino
741 3561 782 3608 23.
799 3558 875 3608 Codd.
891 3557 967 3615 ἡνίκα
981 3557 1103 3625 ἀστράψω
1113 3559 1150 3609 vel
1162 3559 1255 3626 ἀστρά-

131 3635 307 3700 quasiverunt,
332 3635 452 3686 πταίοντι
476 3632 608 3682 scribentes
632 3649 677 3698 pro
708 3634 743 3697 lt
758 3647 765 3681 :
780 3648 824 3682 nos
839 3632 1153 3688 ἄναάἀίωυτωεῑτίοεωι.
1162 3633 1256 3685 Deinde

132 3711 263 3771 nattum
279 3726 323 3759 nos
336 3708 486 3761 lactentium
502 3707 634 3774 sequimur.
646 3710 677 3757 tt
708 3725 754 3776 pro
772 3709 800 3757 τὸ
814 3709 870 3758 νέον
890 3707 981 3758 hubent
995 3707 1052 3757 nori
1062 3709 1134 3760 codd.
1153 3710 1257 3770 τόσσον,

133 3785 204 3849 longe
217 3785 288 3835 aliter
297 3785 354 3835 nori
363 3785 434 3834 codd.
444 3801 489 3834 uec
499 3794 549 3833 tem
560 3800 636 3849 prope
647 3784 677 3832 ed
709 3785 774 3834 unde
783 3783 898 3849 conjicies
905 3783 1040 3850 ἀστράψαι
1049 3784 1079 3833 τὸ
1089 3785 1145 3844 σὸν,
1156 3794 1184 3835 ut
1194 3784 1258 3842 θεός

134 3858 278 3911 Dooeterum
286 3870 402 3918 mentem,
411 3861 512 3910 utura
521 3861 643 3919 θνητοῖσιν
652 3859 677 3908 iv
709 3859 803 3925 legetur
825 3858 851 3907 in
875 3858 996 3917 vocativo,
1020 3857 1094 3909 dubie
1116 3869 1205 3911 umen.
1222 3859 1257 3912 bs

135 3933 256 4001 ὄμμασιν,
268 3953 345 4004 quos,
360 3935 425 3987 utin
438 3936 532 3995 ceteris,
546 3935 587 3986 hic
602 3934 679 3986 secuti
710 3951 791 3997 sensu,
802 3933 847 3986 cir.
857 3934 955 4001 spoeu.
966 3949 1020 4001 cap.
1037 3938 1076 3994 13,
1088 3950 1111 3985 v.
1128 3938 1166 3988 12.
