3186 5310
544 411 829 474 SlBYhLlNOllUlll
853 410 922 469 LlB.
947 406 1010 468 ΧΠ.

313 542 478 607 Romuleae
491 544 547 609 sed
562 544 647 608 enirn
661 544 748 631 genti
762 559 939 609 succrescet
955 539 1072 604 atrocis

231 647 288 732 195
313 647 475 715 Pernicies
488 651 582 730 belli,
600 675 665 740 quo
677 652 740 716 late
753 668 840 715 vasta
850 648 971 735 jacebit

315 756 448 821 Hostilis
461 757 555 823 tellus
569 758 751 827 Germania.
770 758 909 822 lllaxima
922 754 977 820 sed
992 772 1060 817 turn

316 862 464 952 Prodigia
482 865 634 930 exsistent
654 866 730 931 caelo
747 890 754 931 :
771 864 889 954 quippe
908 861 1033 951 agmina
1048 874 1115 923 tota

317 968 504 1036 Conflictata
520 972 584 1056 siti,
600 973 684 1061 regis
696 972 816 1063 pietate
833 969 987 1059 periclum
1013 1050 1023 1080 v

318 1074 483 1165 Effugient
497 1101 504 1143 :
522 1079 578 1143 olli
592 1078 717 1143 facilem
729 1081 815 1143 Deus
826 1092 944 1141 annuet
957 1096 1078 1149 aurem,

232 1205 294 1244 noo
317 1183 494 1272 Orantique
507 1185 597 1250 dabit
610 1186 734 1250 subitos
749 1183 789 1279 de
804 1182 944 1248 nubibus
959 1180 1090 1254 imbres,

319 1290 377 1352 Ast
388 1291 457 1371 ubi,
477 1315 547 1380 quae
558 1291 670 1374 cecini,
688 1289 895 1379 compleverit
911 1286 1018 1353 omnia
1031 1303 1167 1373 tempus,

321 1393 377 1459 Illa
396 1396 440 1485 pii
457 1399 628 1486 magnique
643 1397 732 1463 ducis
748 1395 929 1461 veneranda
942 1409 1082 1483 potestas

321 1501 468 1584 Deficiet,
486 1503 590 1593 plenis
604 1504 637 1569 in
653 1527 687 1569 se
700 1503 897 1584 vertentibus
912 1500 1013 1566 annis.

321 1607 400 1673 Fine
415 1611 474 1674 sub
491 1627 636 1676 extremo
651 1611 736 1693 vitae,
752 1634 808 1675 sua
824 1609 959 1699 pignora
972 1606 1065 1671 terris

210 1792 215 1812 Ι
237 1712 298 1777 205
322 1715 477 1780 Ostendet
488 1716 626 1804 genitor3
644 1717 768 1806 placida
783 1733 850 1781 tum
867 1731 972 1779 morte
986 1712 1111 1777 solutus

325 1821 517 1905 Occumbet,
533 1822 614 1889 llavo
626 1823 735 1910 juveni
749 1848 804 1888 sua
819 1845 916 1910 regna
930 1820 1126 1908 relinquens,
1175 1866 1177 1869 -

227 1992 236 2009 .
326 1928 464 2016 Implens
478 1929 532 2018 qui
547 1929 652 2018 patrio
663 1929 714 1994 bis
727 1930 825 1995 denas
844 1927 975 1993 nomine
989 1943 1107 2014 partes,

326 2033 431 2098 Natali
445 2035 579 2125 imperio
596 2037 746 2101 succedet
761 2035 867 2123 regius
882 2035 986 2098 heres.

373 2140 505 2206 Artibus
522 2141 576 2205 ille
590 2143 654 2206 suis
665 2159 754 2230 reget
767 2141 961 2229 ingenioque
974 2141 1077 2229 sagaci

242 2269 304 2308 aro
328 2248 448 2310 Cuncta
467 2274 474 2311 :
492 2248 548 2312 sed
563 2248 672 2312 invicti
684 2272 735 2313 res
749 2247 909 2330 Herculis,
927 2247 1059 2311 aemulus
1075 2246 1191 2335 impar,
1268 2264 1271 2269 ·

329 2352 463 2416 Vincere
477 2352 554 2418 dum
568 2371 686 2435 certat,
702 2354 890 2445 magnisque
903 2354 1039 2418 exsultat
1053 2351 1212 2430 inarmis,

330 2459 455 2523 Venatu
467 2460 571 2525 clarus
583 2461 788 2549 domitorque
803 2460 932 2550 insignis
945 2484 1119 2549 equorum,

330 2564 422 2629 Solus
436 2583 508 2653 aget
522 2573 631 2632 secum
645 2567 772 2657 plenam
785 2567 968 2633 discrimine
981 2566 1089 2633 vitam.

331 2672 374 2734 At
389 2673 499 2740 Romae
513 2672 597 2738 cives
611 2674 666 2740 illo
683 2691 835 2762 regnante
850 2673 1005 2738 videbunt
1080 2659 1081 2662 Ἴ

247 2779 308 2841 215
332 2777 465 2864 Signum
482 2779 593 2869 ingens
609 2809 616 2845 ι
634 2781 760 2846 nebulis
777 2782 855 2846 urbs
872 2780 1019 2868 caligabit
1033 2779 1158 2869 opacis,

334 2889 501 2950 Astantem
517 2910 612 2950 nemo
627 2902 662 2950 ut
676 2886 826 2951 comitem
843 2886 1030 2976 dignoscere
1042 2886 1157 2975 possit.

335 2991 376 3055 Et
388 3007 463 3056 tunc
477 2993 662 3057 horrificum
678 2993 800 3057 bellum
812 2992 1030 3080 immanesque
1046 2992 1189 3075 dolores,

336 3099 442 3179 Quum
461 3121 528 3179 rex,
546 3097 646 3161 insani
662 3098 815 3186 vertigine
827 3115 936 3187 raptus
950 3097 1080 3177 amoris,

337 3203 521 3291 Virgineum
538 3220 654 3267 tenerae
672 3203 772 3291 prolis
784 3203 902 3269 violare
917 3203 1022 3268 cubile

252 3333 315 3372 220
338 3312 443 3374 Ausus
457 3309 518 3373 erit
534 3309 626 3375 foedis
644 3309 904 3398 detestandisque
918 3309 1104 3399 hymenaeis.
1136 3291 1139 3298 ¹

339 3415 432 3479 Solus
446 3415 565 3480 abhinc
579 3439 676 3480 vacua
691 3440 825 3482 maerens
836 3440 893 3481 rex
909 3439 1043 3503 magnus
1057 3415 1089 3480 in
1104 3415 1188 3496 aula,

261 3561 264 3569 ·
341 3521 522 3586 Vindictam
533 3522 703 3604 meditans,
718 3522 811 3588 cadet
823 3524 907 3587 inter
920 3523 1035 3587 balnea
1047 3545 1161 3605 caesus3

341 3629 410 3691 Rex
423 3628 583 3694 homicida
601 3631 707 3714 cadet,
725 3632 791 3695 fato
803 3629 931 3695 delusus
944 3629 1067 3719 iniquo.

386 3734 468 3796 Tum
481 3734 561 3799 seito
575 3737 687 3800 Itomae
698 3759 831 3824 magnos
843 3735 962 3800 instare
982 3735 1136 3800 tumultus

256 3923 356 3985 modus,
372 3922 441 3988 cujus
453 3938 528 3987 pace
540 3923 655 3987 litent,
667 3940 781 3974 numerus
795 3926 836 3973 20.
848 3952 881 3961 -
894 3927 952 3987 22⁴,
974 3941 1027 3990 sqq.
1044 3924 1125 3974 llome
1134 3923 1217 3973 civiles
1230 3931 1310 3973 motus
1322 3933 1377 3989 post

256 4006 401 4057 astinetum
418 4008 597 4058 Antoninorum
611 4008 725 4075 stirpem,
743 4025 830 4076 nempe
842 4011 850 4074 [
860 4019 1008 4076 supputante
1023 4009 1124 4074 Nostro]
1146 4018 1200 4076 post
1219 4008 1378 4074 imperatores

293 4178 352 4229 209.
369 4181 408 4230 Au
421 4178 536 4244 σχήσιιε,
549 4188 669 4245 utsupra,
698 4183 755 4251 121,
777 4189 801 4230 et
869 4184 926 4232 221.
945 4181 1021 4231 eodt.
1040 4180 1147 4244 οὔλαμος
1159 4178 1220 4243 (sic)
1235 4197 1241 4227 :
1255 4194 1299 4227 uos
1314 4191 1380 4226 corr.

259 4252 326 4303 tlibi·
835 4276 865 4309 ex
884 4257 1005 4324 Hesychio
1024 4256 1061 4306 bis
1080 4255 1185 4306 habente
1203 4252 1304 4320 οὔλιμος
1325 4253 1380 4304 dll—

294 4332 351 4379 212.
365 4328 801 4395 liehaomalatot:llon.cod.utnos.
835 4338 900 4403 θριος
916 4344 942 4384 et
955 4334 1062 4396 οὐλίμων
1080 4331 1205 4396 ὀλεθρίων.

295 4416 351 4463 213.
371 4413 446 4463 Godd.
460 4416 539 4464 ololler
555 4408 607 4470 olon
618 4415 687 4479 (sic).
870 4415 928 4462 att.
948 4411 1024 4461 Codd.
1036 4410 1101 4459 κακὰ
1116 4408 1234 4474 χώσεται.

297 4495 354 4543 trt.
372 4492 449 4543 Codd.
463 4490 569 4555 πόλεμόν
586 4509 612 4542 τι
623 4509 629 4544 :
640 4507 701 4543 corr.
712 4489 802 4542 Friedl.
872 4489 928 4537 224.
950 4484 1027 4536 Godd.
1041 4483 1140 4550 θρόνον,
1152 4481 1195 4533 ubi
1208 4496 1252 4532 nos
1265 4481 1361 4548 χρόνον.
