3186 5310
522 425 809 488 sminnrnoautu
830 424 900 486 arn.
921 423 974 499 tn,
996 419 1016 502 a
1035 427 1071 484 s..
1312 423 1351 483 sr

321 559 523 652 Progeniem,
538 558 624 647 qnod
638 558 734 647 longe
750 581 860 623 omnes
871 556 988 625 virtute
1000 554 1160 645 praeirent.

320 669 399 733 Tres
414 666 458 731 illi
473 683 564 731 terrae
578 664 681 731 sortiti
696 664 816 731 foedere
830 680 950 754 partes,

238 775 297 841 115
322 776 466 864 Quisque
480 798 570 839 suam
583 775 739 864 regnabat
755 772 890 854 habens,
907 757 1080 836 certamine
1093 768 1193 836 nullo.

322 882 507 946 Obtestatus
522 880 607 944 enim
624 879 749 970 genitor
762 879 912 946 diviserat
925 879 1023 968 aequis

321 988 464 1054 Finibus.
485 990 529 1053 At
547 1005 717 1079 postquam
736 987 825 1054 senio
841 985 1006 1052 conlectus
1023 984 1136 1067 obivit,

322 1098 406 1161 Tum
418 1094 482 1161 nati
497 1097 699 1161 immemores
712 1094 785 1161 fidei
793 1097 899 1182 jurata
913 1093 1078 1159 resolvunt

321 1203 453 1269 Foedera
470 1232 478 1269 ι
492 1203 555 1269 fert
568 1204 690 1269 animus
702 1202 818 1294 cupide
829 1219 964 1284 certare,
979 1200 1049 1290 quis
1061 1199 1145 1265 inter

238 1335 299 1376 120
322 1311 475 1378 Mortales
490 1310 580 1401 regni
593 1311 679 1378 solus
692 1327 857 1402 poteretur
871 1310 1007 1375 honore.

322 1421 363 1483 Et
373 1423 438 1506 jam
454 1423 617 1501 Saturnus,
629 1420 694 1505 jam
707 1420 800 1483 Titan
816 1441 905 1483 arma
919 1417 1084 1493 ferebant;

324 1525 387 1590 Sed
406 1525 496 1590 Rhea
517 1549 587 1590 curn
610 1525 748 1606 Tellure,
766 1525 874 1590 Venus
890 1547 1021 1613 quoque
1034 1524 1105 1588 laeta
1124 1520 1264 1602 coronis,
1279 1559 1282 1564 -

324 1634 432 1714 Vesta‚
453 1635 559 1714 Ceres,
579 1634 786 1721 humerisque
804 1654 912 1697 comas
932 1631 1033 1696 effusa
1052 1631 1167 1713 Dione,

324 1742 445 1805 Rursus
465 1740 608 1805 amicitiae
624 1739 794 1805 vinxerunt
816 1739 935 1804 foedere
955 1761 1059 1828 reges,

240 1847 300 1913 125
325 1849 365 1910 Et
382 1871 493 1935 regum
511 1847 638 1929 fratres,
653 1845 971 1936 consanguineosque
990 1844 1201 1935 propinquos,

324 1956 365 2019 Et
390 1953 582 2043 quicumque
600 1978 700 2043 genus
719 1954 818 2042 regali
837 1977 855 2017 a
878 1953 976 2042 stirpe
993 1952 1175 2018 trahebant.

324 2063 497 2126 Saturnum
509 2061 630 2151 placuit
643 2085 753 2127 rerum
765 2083 951 2150 praeponere
965 2083 1096 2124 summae
1111 2087 1119 2124 z

322 2168 486 2233 Fratribus
500 2168 552 2232 ille
567 2168 698 2258 quidem
712 2168 814 2232 forma
832 2167 1002 2254 praestabat
1016 2183 1048 2231 et
1062 2190 1141 2231 aero.

323 2277 429 2359 Quem
449 2274 573 2362 magnis
587 2275 683 2340 Titan
697 2274 803 2338 verbis
822 2275 929 2359 jurare
951 2273 1067 2360 coegit,

240 2383 301 2448 130
323 2382 466 2448 Mascula
478 2406 519 2447 ne
534 2383 655 2447 sobolis
669 2381 805 2446 nutriret
817 2380 965 2469 pignora,
982 2396 1017 2444 ut
1032 2380 1100 2469 ipse

239 2523 240 2527 ¹
324 2490 460 2555 Debitus
474 2488 631 2554 exstincto
644 2486 734 2551 fratri
748 2486 934 2552 succederet
950 2485 1054 2550 heres.

323 2599 410 2685 Ergo
426 2613 554 2661 uterum
570 2611 663 2686 partu
684 2594 809 2682 quoties
824 2593 913 2657 Rhea
927 2591 1076 2674 solveret,
1095 2591 1198 2658 omnis

226 2704 233 2717 ’
324 2703 474 2768 Titanum
489 2705 555 2767 fera
570 2724 646 2790 gens
659 2702 780 2778 aderat,
794 2698 974 2787 discerpere
989 2701 1071 2763 letus

323 2812 416 2874 Certa
428 2833 549 2888 mares3
567 2825 599 2873 at
614 2807 768 2872 femineos
783 2807 930 2871 servabat
941 2804 1084 2873 alendos

240 2917 299 2984 135
322 2917 449 2982 Tertius
469 2934 505 2981 ut
522 2932 632 3004 partus
652 2916 667 2977 J
671 2937 811 2978 unonem
825 2914 909 2977 forte
926 2913 1067 3001 priorem

323 3023 488 3105 Ediderat,
505 3021 569 3086 laeti
583 3044 638 3086 sua
651 3020 786 3110 quisque
800 3020 925 3083 intecta
937 3037 1100 3085 revertunt

323 3132 464 3196 Titanes.
484 3128 649 3194 Sedenim
665 3127 735 3193 nisu
753 3128 860 3216 regina
877 3124 1018 3190 secundo

322 3239 437 3302 Fctum
452 3235 543 3301 enixa
563 3258 696 3317 marem,
714 3233 809 3316 clam,
829 3257 887 3296 nec
904 3254 1004 3310 mora,
1021 3232 1107 3297 misit
1123 3232 1272 3298 alendum

322 3345 359 3408 In
373 3341 558 3432 Phrygiam,
577 3366 642 3430 quo
655 3343 778 3428 juratos
798 3340 925 3404 tresire
937 3338 1100 3404 ministros

238 3455 300 3531 140
324 3453 404 3515 Cum
421 3472 522 3540 puero
534 3448 628 3535 jussit
644 3475 652 3513 ι
668 3447 818 3513 dixerunt
833 3446 908 3511 hinc
923 3447 975 3505 Δία
990 3447 1093 3513 Groeci

323 3556 527 3623 Translatum
546 3555 712 3638 infantem.
732 3554 832 3619 Simili
844 3578 920 3619 mox
936 3555 1063 3620 sustulit
1077 3573 1146 3623 arte

323 3666 529 3754 Neptunum3
548 3662 643 3728 simili
662 3662 851 3741 Plutonem,'
862 3661 974 3727 tertius
989 3686 1082 3729 auras

323 3771 387 3855 Qui
404 3770 493 3850 vidit,
513 3769 667 3860 spatiante
685 3768 762 3834 olim
776 3768 927 3856 genitrice
942 3772 1001 3835 sub
1016 3771 1079 3836 alta

322 3879 459 3944 Dodona
472 3895 504 3943 et
515 3878 645 3943 latebris
664 3876 836 3962 umbrosis,
853 3875 991 3942 fluminis
1006 3877 1091 3943 unde

227 4181 230 4187 ·
268 4168 323 4218 133.
342 4164 541 4232 lleliusdpurva,
556 4173 677 4233 utsupra,
692 4167 748 4218 130.
806 4163 944 4214 demerso
962 4163 1000 4215 bis
1017 4171 1143 4218 recurrere
1161 4172 1185 4219 ct
1203 4168 1352 4235 expletivum

269 4244 324 4293 131.
344 4241 380 4291 lle
390 4245 412 4293 ot
424 4242 512 4310 explet.
524 4240 608 4292 conler
621 4257 704 4309 supra,
718 4243 773 4291 113.
807 4255 880 4308 supra
892 4251 1053 4292 monstratum
1064 4245 1095 4293 ad
1103 4260 1125 4292 r.
1145 4247 1200 4303 113,
1211 4261 1256 4294 nec
1269 4253 1353 4312 postea

266 4318 322 4369 tta.
345 4317 409 4368 Olim
427 4333 470 4367 nos
484 4333 539 4368 cunr
559 4317 623 4383 vulg.
641 4317 775 4393 lodpatolp,
808 4317 1056 4368 animadvertendum.
1068 4320 1102 4369 De
1114 4319 1219 4371 absurdo
1227 4322 1357 4388 etymon?

230 4393 311 4460 male:
330 4410 387 4443 nam
397 4394 468 4443 codd.
480 4393 538 4443 boni
556 4408 638 4444 reram
649 4391 778 4443 lectionem
808 4408 838 4442 ex
848 4393 887 4443 διά
901 4393 1012 4445 trahente
1021 4394 1084 4445 nihil
1098 4395 1273 4446 cavillabimur.

231 4468 360 4527 dedenunt,
374 4486 428 4536 qure
447 4478 471 4518 et
487 4469 585 4520 Strurio
597 4469 700 4536 probata
714 4478 758 4518 est.
845 4472 901 4520 tlt.
919 4472 1050 4532 dudum,
1059 4489 1107 4522 non
1118 4471 1351 4539 Epiroticamillam,

270 4547 326 4596 lll.
338 4544 378 4596 An
391 4546 412 4596 θ’
420 4545 601 4597 omittendum?
616 4543 678 4596 Nota
697 4542 724 4594 in
736 4558 777 4596 eo·
809 4543 1030 4608 salamancam,
1041 4547 1279 4615 habetttom.,11.p,
1294 4552 1352 4600 150.
