3186 5310
569 443 853 506 stuvutluottu’u
874 442 946 504 LlB.
974 443 1023 504 Xl.
1286 440 1340 498 2¹11

234 571 294 632 205
320 573 411 637 Dicta
427 574 510 639 Asiae
527 576 635 664 regina
650 575 716 642 diu.
735 577 821 640 Mars
834 575 983 639 horridus
999 598 1085 651 ecce,

319 679 407 744 Mars
420 681 517 764 venit,
537 699 569 746 et
583 683 690 747 dulces
702 682 839 770 jugulat,
857 699 910 746 tua
928 682 1073 770 pignora,
1090 698 1194 744 natos.

319 784 379 849 Hic
396 803 430 850 tu
447 811 517 851 scra
534 804 624 852 tuum
636 787 743 853 mittes
759 787 792 851 in
808 788 916 877 praelia
929 811 1054 876 regem,

319 892 479 982 Insignem
495 912 607 983 quarto
624 919 772 980 numeru,
789 918 905 960 saevum
922 918 1010 976 ense,
1028 892 1150 981 sagittis

321 999 457 1078 Saevum,
473 1024 571 1088 quem
588 1001 665 1065 belli
682 1001 836 1066 comitum
851 1001 897 1065 vis
912 1025 1028 1089 magna
1043 1015 1205 1088 sequetur.

232 1124 295 1166 210
318 1105 467 1195 Assyrios
483 1107 658 1197 Cilicasque
676 1107 758 1172 inter
773 1107 911 1198 spatium
926 1132 1020 1172 omne
1037 1108 1191 1171 tenebunt

319 1212 445 1276 Esuries
460 1213 657 1302 bellumque.
672 1214 785 1280 Aderit
799 1241 856 1305 par
869 1215 979 1279 nobile
993 1238 1117 1303 regum,

318 1319 430 1383 Certus
447 1336 576 1409 uterque
591 1344 720 1410 gravem
736 1323 822 1387 ferro
839 1323 1012 1386 decernere
1027 1345 1166 1386 causam.

318 1426 368 1487 Tu
384 1449 460 1489 vero
476 1426 617 1515 priscum
631 1451 739 1516 regem
758 1428 843 1515 luge,
858 1427 967 1515 linque
983 1428 1168 1502 cadentem,

318 1531 389 1594 Neu
405 1548 548 1619 perstare
564 1533 653 1614 velis,
670 1533 879 1623 gravioraque
898 1534 1000 1599 vincla
1019 1533 1140 1599 subire.

233 1636 294 1701 215
319 1639 419 1724 Urget
432 1639 549 1728 quippe
568 1641 620 1705 leo
636 1640 733 1718 ferus,
755 1640 953 1725 insatiabilis,
971 1659 1073 1724 atrox,

318 1742 337 1809 J
341 1767 375 1807 us
393 1761 424 1808 et
442 1743 488 1808 fas
504 1767 651 1826 renuens,
670 1747 822 1811 humeros
838 1745 888 1810 cui
904 1769 1045 1834 purpura
1064 1745 1168 1809 vestit.

318 1846 474 1912 Fulminei
490 1849 564 1938 fuge
578 1852 641 1915 tela
654 1851 727 1933 viri,
747 1851 799 1916 cui
815 1852 931 1916 serviet
946 1850 1049 1914 omnis

319 1953 405 2018 Gens
420 1955 515 2038 Asiae,
534 1957 691 2045 tellusque
709 1958 812 2023 omnis
828 1974 965 2022 saturata
983 1979 1109 2021 cruore.

320 2059 381 2122 Sed
399 2078 570 2150 postquam
586 2064 728 2152 AEgypto
744 2085 893 2150 magnam
910 2061 1089 2126 fundaverit
1103 2060 1215 2124 urbem

234 2188 296 2229 22ο
320 2167 408 2230 Mars
424 2168 570 2241 Pellaeus
590 2193 688 2258 opum
704 2168 849 2249 nimiam,
864 2193 960 2257 quam
978 2169 1107 2233 nomine
1121 2167 1208 2232 dicet

321 2274 392 2360 Ipse
408 2297 478 2355 suo,
498 2298 579 2339 caeoa
596 2293 664 2340 tum
678 2274 861 2363 proditione
878 2299 1009 2340 suorum

320 2378 459 2444 inveniet
476 2399 628 2463 mortem,
646 2382 810 2470 Babylona
825 2405 970 2446 reversus
989 2382 1029 2444 ab
1050 2378 1149 2459 Indis,

320 2486 521 2569 Barbaricum
536 2489 645 2569 miser,
665 2488 745 2554 beu!
764 2487 868 2552 media
880 2488 963 2552 inter
977 2488 1091 2577 pocula
1104 2502 1252 2549 mortem.

366 2593 449 2656 Hinc
462 2593 515 2657 alii
534 2618 667 2682 regnum
682 2594 808 2684 rapient
822 2619 875 2660 sua
893 2595 1027 2683 quisque
1040 2617 1099 2682 per
1111 2616 1202 2670 arva,

232 2698 294 2764 225
320 2699 431 2784 lnjusti
448 2724 552 2789 reges,
566 2702 705 2766 violenta
721 2700 882 2790 infidaque
897 2702 1007 2781 corda,

245 2805 252 2817 '
319 2805 351 2867 N
353 2829 389 2869 ee
404 2806 502 2894 longo
517 2831 673 2872 annorum
691 2808 806 2897 spatio.
854 2807 917 2872 Sed
932 2805 1047 2870 fortior
1063 2829 1145 2869 unus

320 2913 388 2975 Rex
407 2912 479 2996 erit,
493 2916 630 3002 Europae
644 2914 781 3002 reliquas
796 2913 851 3002 qui
864 2912 994 3000 colliget
1010 2936 1122 2977 omncs

320 3017 468 3099 Exuvias,
484 3020 619 3084 multum
637 3020 756 3084 biberit
772 3043 871 3108 quum
886 3037 970 3084 terra
986 3042 1149 3095 cruorem;

321 3122 399 3187 lude
416 3124 521 3205 cadet,
540 3125 662 3213 proprii
679 3125 847 3190 defunctus
863 3148 996 3189 munere
1013 3124 1081 3188 fati.

233 3227 296 3292 230
364 3231 441 3293 Post
455 3229 509 3294 alii
523 3255 614 3320 reges
629 3231 771 3316 ejusdem
784 3231 946 3320 sanguinis
960 3247 1035 3295 octo

321 3336 510 3413 Suecedcnt‚
527 3337 617 3425 queis
632 3361 751 3402 nomen
768 3337 854 3402 idem
871 3336 1044 3424 similisque
1060 3351 1215 3433 potestas.

320 3442 411 3506 Tunc
422 3443 483 3506 erit
495 3443 655 3532 AEgyptus
670 3443 783 3531 regalis
796 3444 956 3532 nympha3
973 3442 1130 3530 simulque

322 3549 406 3612 Urbs
420 3572 534 3637 magna
547 3550 692 3640 AEgypti,
707 3549 841 3616 Macedo
855 3574 951 3638 quam
966 3548 1111 3613 condidit
1129 3548 1234 3623 heros,

265 3782 322 3830 218.
342 3781 419 3831 Codd.
435 3784 477 3832 καὶ
485 3785 546 3834 πᾶσι
558 3786 626 3835 πᾶσα
639 3801 645 3833 :
658 3785 702 3833 clr.
722 3784 772 3840 ΙΙΙ,
841 3787 899 3835 223.
919 3785 969 3834 Clr.
983 3785 1037 3841 l'll.
1053 3789 1093 3835 ts.

232 3859 289 3907 392.
303 3857 498 3908 Dubiumautem
512 3876 542 3908 an
551 3862 674 3925 περίπασα
686 3860 717 3910 sit
726 3877 774 3910 uuo
841 3863 899 3912 222.
919 3861 995 3912 (toul.
1013 3860 1040 3917 ὃς
1056 3862 1138 3910 πᾶσαν
1161 3859 1213 3925 εὐρ.
1229 3861 1267 3906 An
1284 3855 1354 3906 malis

231 3932 305 3982 verbo
317 3933 453 3997 legendum,
466 3943 493 3983 ut
506 3935 526 3992 l,
544 3938 598 3985 198.
807 3937 889 3986 πᾶσαν
905 3939 954 3991 or?

266 4010 323 4058 219.
344 4009 421 4059 Codd.
449 4011 500 4058 ἀλλ’
519 4012 610 4059 ὁπόταν
640 4008 774 4074 αι’γυπτος,
842 4014 900 4060 228.
920 4012 970 4062 etr.
984 4027 1056 4077 supra
1071 4013 1128 4061 218.

230 4084 300 4133 nullo
311 4100 390 4134 sensu.
843 4090 900 4137 229,
921 4087 996 4135 (lodd.
1012 4088 1124 4152 μορφήν,
1138 4084 1180 4133 ubi
1195 4100 1238 4133 nos
1251 4085 1340 4151 palpat,

266 4162 325 4210 221.
343 4160 457 4209 Formula
476 4160 603 4226 προδοθεὶς
617 4161 658 4224 ὑφ’
679 4164 777 4229 ἑταίρου
811 4163 915 4211 ionismo
929 4162 1062 4227 Sibyllino,
1075 4171 1103 4211 ut
1121 4160 1175 4219 llll,
1191 4164 1247 4220 175,
1257 4160 1299 4209 ubi
1310 4177 1345 4210 xo

230 4237 270 4285 vel
284 4235 325 4300 ὑφ’
337 4239 441 4303 ἑταίρων
450 4237 476 4285 in
490 4236 528 4285 his
544 4237 634 4285 ultimis
649 4237 717 4286 libris
729 4238 778 4287 fre·
811 4238 918 4294 ταλύσας
935 4238 1022 4303 legitur
1041 4253 1087 4303 pro
1100 4237 1237 4295 ἀναλύσας,
1250 4252 1281 4284 an
1301 4250 1354 4283 me·

232 4328 309 4376 quens
327 4314 404 4373 redit,
419 4312 479 4371 ΙΙΙΙ,
503 4315 562 4367 itm
583 4312 644 4370 itlv,
665 4317 705 4374 oi,
728 4323 776 4364 ele.
810 4313 872 4363 lius?

231 4387 332 4438 Videtur
346 4398 426 4438 aulem
442 4389 513 4438 unius
526 4403 608 4437 versus
622 4389 708 4437 lacuna
721 4399 776 4454 post
844 4391 900 4439 232.
921 4389 1025 4438 [luctum
1043 4388 1139 4437 viderur
1155 4389 1236 4452 νύμφη
1255 4403 1284 4435 ex
1303 4384 1353 4441 ΙΙΙ,

233 4462 299 4514 hunc
308 4474 389 4530 patere
399 4481 406 4515 ε
415 4465 480 4514 deest
492 4474 558 4514 certe
569 4464 669 4513 verbum
680 4467 777 4529 κιχήσει
811 4469 868 4521 358,
887 4465 930 4513 ubi
943 4465 1096 4529 νυμφιύσιαι
1112 4464 1201 4528 legitur
1223 4464 1253 4512 de
1276 4460 1351 4511 Roma

233 4538 339 4590 aliudve.
811 4550 899 4590 tenerae
912 4550 993 4607 uuptae
1007 4550 1154 4607 comparata,
