3186 5310
230 406 291 466 360
731 410 846 471 NOTAE

229 540 347 604 prognati,
354 539 464 608 plerique
471 540 639 605 ortuludaici,
646 544 711 610 apud
718 559 776 608 geu·
799 542 858 593 libri
868 542 938 609 111‚s
949 546 976 606 2,
984 558 1077 593 coesus
1088 543 1129 593 ille
1140 540 1285 602 Ptolemais,
1297 556 1347 607 qao

229 615 284 664 tiles
290 631 319 666 ac
330 616 452 684 praecipue
462 617 585 669 Romanos
592 634 638 685 pro
650 617 776 686 Sibyllinis
800 619 932 684 majorem,
946 626 976 668 ut
988 617 1095 680 ridetur,
1109 618 1281 669 auctoritatem
1294 629 1349 666 ora·

229 690 349 742 s‘eoditan'
369 692 523 759 lectitarique
541 702 734 754 consueverunt3
750 702 775 744 et
800 691 861 743 culis
869 692 918 743 auis
925 693 1035 757 adderet,
1043 693 1116 747 talem
1123 692 1176 760 ipse
1184 691 1345 757 fabulantium

228 764 318 816 adhoc
331 768 411 834 potuit
431 770 551 835 respicere
564 767 689 835 Virgilius,
708 768 775 833 quod
800 767 833 817 ab
844 767 917 819 initio
934 768 1084 820 mmmentua
1099 777 1165 828 erat,
1180 783 1234 818 non
1250 767 1344 834 palan,

229 841 302 891 modo
311 842 489 908 ambigebatur,
506 844 629 895 Cumanos
641 860 686 910 pro
696 842 777 911 Sibyl·
800 843 842 892 aed
856 842 954 909 oblique
966 852 991 894 et
1004 842 1161 907 subobscure,
1176 843 1212 893 ita
1227 850 1306 892 umen
1318 848 1347 890 nt

230 914 287 965 linis
298 916 363 982 vulgi
376 933 444 968 more
454 936 558 984 uocans,
574 920 641 971 Ecel.
655 919 695 982 lv,
707 922 740 970 l:
800 917 922 968 neminem
930 927 1052 970 attentum
1059 919 1135 969 latere
1144 925 1234 985 ponet.
1243 914 1349 966 Attmde

231 990 321 1042 Ultima
335 993 426 1043 Cumaei
439 996 506 1045 venit
513 995 686 1060 jamcarmiuia
694 1004 759 1045 eras.
800 993 899 1059 quippe.
916 992 1047 1043 Pmmarim
1063 993 1105 1043 ille
1119 992 1244 1061 Sibyllieta
1256 989 1348 1059 princi·

264 1068 322 1127 804,
335 1083 397 1134 sqq..
408 1069 542 1137 Epiphania
559 1070 586 1120 in
598 1071 682 1121 iudaea
694 1086 776 1137 perse-
801 1067 842 1133 pia
856 1067 912 1117 libri
922 1068 959 1117 sui
969 1069 1083 1134 usquead
1092 1068 1166 1131 smem
1177 1066 1299 1118 Saturniae
1309 1080 1350 1131 go·

230 1141 357 1192 cutionum
383 1153 509 1212 tempore,
530 1162 580 1211 quo
597 1145 776 1211 antiquissimas
801 1143 936 1193 uenationis
945 1159 995 1193 non
1006 1153 1122 1210 tanquam
1135 1153 1215 1202 rates,
1228 1140 1270 1192 aed
1281 1156 1349 1208 pasoe

230 1215 304 1282 hujus
312 1217 370 1268 libri
384 1230 475 1285 partes,
491 1221 508 1286 s
518 1225 533 1272 2
543 1231 569 1272 et
580 1225 606 1282 l,
617 1222 719 1288 scriptas
727 1236 777 1270 aare
802 1226 919 1282 tanquam
928 1217 1067 1282 historicus,
1089 1228 1252 1286 pertempora
1263 1215 1351 1266 verbo-

230 1291 344 1357 diximus,
365 1305 484 1347 memorat
503 1296 698 1347 blachabeorum
714 1295 777 1345 libcr
802 1292 997 1358 rumpreterita‚
1008 1304 1037 1344 ut
1045 1294 1195 1356 grammatici
1204 1293 1348 1358 loquuntur,

155 1369 160 1380 ⁸
230 1366 331 1436 ll,cap.
345 1374 369 1427 5,
378 1387 402 1419 v.
412 1374 438 1422 2.
448 1387 512 1437 sqq,
522 1381 638 1436 tauquam
647 1388 720 1422 omen
730 1371 777 1420 im·
803 1367 931 1425 extulerat,
944 1368 1115 1430 ἐπηπείλησεν,
1128 1368 1239 1426 ἔτευξαν,
1250 1385 1277 1418 ιι.
1287 1383 1311 1416 r.
1325 1366 1346 1415 i.

231 1442 378 1495 minentium
392 1446 530 1507 malorum,
546 1447 596 1496 risa
608 1446 634 1496 in
648 1448 707 1498 caelo
722 1462 778 1513 pro-
802 1443 929 1508 sequentia
945 1444 1028 1495 statim
1044 1461 1059 1495 a
1073 1443 1212 1495 Saturnidis
1227 1458 1273 1510 per
1284 1440 1349 1492 lutu-

230 1516 294 1582 dissia
307 1534 314 1570 τ
327 1540 341 1565 ι
352 1520 459 1586 Contigit
474 1530 557 1571 autem
577 1538 621 1588 per
639 1523 778 1573 uniuersam
803 1532 858 1566 rum
868 1526 973 1585 tempus,
983 1518 1060 1586 ἄρξιι,
1069 1520 1180 1580 ἥξουσιν,
1191 1535 1218 1571 a.
1228 1534 1252 1567 τ.
1266 1519 1290 1568 λ.
1299 1533 1307 1568 :
1316 1515 1351 1566 ita

232 1609 246 1635 ι
255 1591 477 1661 Hierosolymorum
490 1595 615 1647 civitatem
630 1596 707 1647 videri
724 1596 779 1646 die·
804 1600 832 1642 ut
846 1591 939 1659 Sibylla
951 1604 1008 1660 port
1019 1593 1162 1645 Satumidas
1173 1592 1289 1659 qrn'dem,
1302 1607 1351 1642 noa

233 1688 246 1708 ι
257 1665 304 1716 bus
316 1669 476 1737 quadraginta
490 1686 534 1737 per
545 1687 602 1722 aera
619 1673 714 1738 equites
728 1672 779 1722 dis·
804 1683 862 1718 vero
871 1670 1147 1736 multopoat,oeeiuiste
1155 1668 1278 1719 videatur.
1290 1666 1352 1718 Eine

232 1753 394 1805 «eumentes,
417 1756 514 1796 auratae
527 1747 601 1798 stolas
617 1746 734 1797 habentes
754 1756 779 1798 et
804 1740 871 1791 facili
888 1752 1049 1810 promptaque
1072 1743 1184 1794 omnibus
1205 1744 1352 1809 intepreta-

234 1815 528 1886 «bastisqoaaicsbortes
535 1832 648 1881 armatos,
660 1831 686 1873 et
694 1837 779 1873 conus
804 1816 873 1867 tione
890 1828 946 1869 orta
964 1828 1001 1869 ert
1014 1819 1045 1868 de
1065 1819 1128 1869 rotis
1148 1827 1221 1869 catate
1235 1815 1350 1875 traditio,

234 1913 248 1936 ι
257 1908 377 1959 equorum
390 1912 435 1962 per
445 1897 542 1946 ordines
556 1897 666 1963 digestos,
682 1908 706 1949 et
719 1910 783 1948 cons
805 1893 846 1942 cui
860 1908 886 1944 ae
900 1895 1085 1944 accommodam
1092 1903 1179 1945 auctor
1188 1891 1248 1943 libri
1256 1892 1282 1953 l,
1293 1895 1350 1951 tat,

235 1968 392 2033 «pontones
401 1971 454 2022 lieri
467 1973 592 2033 cominus,
613 1983 638 2024 et
654 1982 779 2025 scutorum
805 1983 870 2033 sqq,
881 1970 966 2020 statuit
978 1956 1043 2021 intel
1053 1968 1139 2019 diluvii
1156 1969 1264 2019 universi
1277 1977 1302 2018 et
1315 1966 1353 2017 Si·

170 2065 174 2074 ·
235 2054 348 2102 amotus,
356 2048 534 2112 etgaleatorum
542 2048 724 2100 multitudinem
732 2049 781 2114 gla·
807 2042 879 2108 byllae
891 2054 1000 2112 tempora
1017 2060 1059 2094 sex
1076 2054 1172 2095 tantum
1187 2043 1355 2110 generationes

237 2137 250 2160 «ι
258 2117 436 2180 diisdistrict'as,
449 2132 474 2172 et
487 2123 591 2173 telorum
599 2123 687 2189 jactus,
700 2133 725 2174 et
737 2140 781 2173 au·
807 2118 846 2168 hit
857 2119 953 2171 verbis:

237 2207 356 2244 strenuum
368 2212 493 2247 armorum
508 2198 673 2264 splendorem,
690 2198 782 2249 omnis·
812 2184 847 2242 Ὠ
860 2196 944 2258 gessia
957 2197 1031 2255 ῑκτης
1044 2196 1146 2261 πρῶτον
1156 2195 1236 2260 γένος,
1251 2189 1273 2245 ὦ
1293 2192 1354 2258 pira

237 2283 309 2332 nque
333 2271 428 2334 generis
455 2272 596 2323 loricarum.
628 2273 782 2341 Quapropter
814 2260 968 2336 Ἦςῑλαχον,
979 2288 1003 2320 κ.
1018 2287 1041 2320 τ.
1052 2274 1087 2332 λ.,
1252 2269 1353 2335 χάρμαι

238 2362 251 2386 ιι
260 2345 498 2412 omnearugabantin
508 2347 601 2397 bonum
608 2359 716 2399 monstra
723 2365 782 2397 oon·
809 2344 846 2394 Ad
858 2361 931 2410 quem
943 2345 1053 2412 prolecto
1062 2361 1157 2397 versum
1167 2345 1275 2410 reepeait
1286 2341 1355 2408 isqui

238 2438 252 2463 ιι
263 2419 333 2469 aerti.
345 2441 357 2465 ιι
373 2420 467 2482 Quibus
478 2423 579 2472 ostentis
596 2434 670 2474 erunt
683 2423 784 2474 fortasse
809 2434 855 2484 pro
868 2419 1029 2472 Commnuoo
1041 2423 1101 2489 imp.
1110 2420 1252 2471 Orationem
1261 2417 1355 2485 scripsit

236 2491 280 2557 qui
300 2492 369 2545 innui
382 2506 471 2563 putent
487 2506 609 2559 meteora,
631 2513 693 2564 quas
711 2499 783 2565 rugo
810 2494 841 2543 ad
852 2495 1051 2563 Sanctos,aupra
1060 2497 1193 2557 laudatam,
1205 2494 1307 2545 abiait:
1325 2495 1355 2543 'll

236 2565 346 2619 δοκὼ
358 2587 472 2622 voramus
487 2588 601 2633 aurorae,
622 2589 667 2640 per
690 2573 785 2639 aliquot
810 2572 893 2621 τοίνυν
908 2572 1357 2638 *eompototttotaeoaosoooetoo-

207 2651 211 2657 ’
237 2642 338 2695 fortasse
350 2656 443 2708 noctee,
457 2647 503 2696 etsi
514 2647 784 2709 noncantinuo,riaas,
811 2649 855 2707 τὴν
869 2648 930 2722 lurp
943 2649 1017 2716 γινιᾷ
1035 2650 1097 2713 μετὰ
1110 2649 1154 2698 rbi
1179 2645 1356 2710 κατακλυσμὸν

237 2715 414 2786 bominumque
430 2731 635 2773 terroreamas:
648 2723 732 2789 quales
743 2723 787 2772 ali·
810 2721 932 2785 γενέσθαι.
953 2722 1076 2774 Audacter
1097 2739 1155 2774 sane
1178 2732 1266 2773 auctor
1286 2719 1360 2785 bajus

238 2808 300 2857 quas
313 2810 363 2859 prae
375 2797 465 2845 ceteris
472 2797 620 2862 conspicuas-
634 2813 664 2847 ex
677 2796 786 2848 historiis
811 2797 958 2863 commenti,
973 2798 1083 2865 quisquis
1098 2798 1145 2849 luit
1160 2816 1167 2848 r
1184 2799 1228 2849 red
1239 2795 1358 2847 audacior

239 2869 363 2919 veteribus
398 2872 586 2938 recentibusque
615 2873 785 2939 cognorimus,
811 2872 890 2923 multo
907 2874 951 2938 qui
970 2873 996 2923 ia
1017 2875 1111 2940 epilogo
1131 2873 1188 2924 libri
1199 2872 1232 2924 lll
1240 2871 1357 2939 Sibyllam

238 2946 356 3009 quasdam
372 2946 447 2997 etiam
465 2964 522 2998 cum
535 2948 644 3015 crepitu,
663 2957 692 2998 at
702 2948 730 2997 in
742 2948 785 2999 illo
811 2962 868 2997 area
879 2963 936 2998 oum
947 2948 1038 2999 Noimo
1048 2947 1156 3000 inclusit.
1169 2947 1300 3009 Quisille?
1310 2943 1357 2996 nisi

238 3019 334 3087 Virgilii
347 3038 426 3085 imru,
441 3023 529 3089 Georg.
542 3023 568 3083 1,
585 3027 634 3076 lli
646 3041 653 3074 ι
812 3023 957 3089 compilator
966 3024 1090 3092 Sibyllina
1101 3024 1261 3085 collectionis,
1274 3023 1301 3072 in
1311 3022 1358 3072 boc

239 3097 372 3147 Armorum
385 3098 492 3150 sonitum
501 3109 553 3150 toto
565 3098 696 3151 Germania
709 3102 768 3151 caelo
811 3098 898 3148 saltcm
909 3099 955 3148 sibi
969 3111 1090 3151 constans.
1113 3101 1199 3150 Nonne
1212 3099 1280 3150 enim
1293 3113 1358 3149 um·

239 3172 333 3223 Audiit.
811 3173 1359 3242 demistamlabulamansuseatipsedistricta

240 3247 385 3314 Quanquam
392 3250 422 3299 de
432 3251 511 3300 Sacra
520 3250 653 3319 Scriptura
660 3252 714 3302 loeo
723 3252 786 3304 nihil
811 3247 892 3299 fronte
903 3265 1008 3300 asserere
1021 3250 1047 3299 in
1065 3253 1191 3318 bnonyma
1211 3265 1254 3300 tua
1271 3247 1359 3300 Prasa-

238 3324 349 3383 uelimus,
357 3324 405 3374 nisi
418 3325 531 3390 legitimis
540 3327 687 3393 conjecturis
699 3338 724 3378 et
737 3330 785 3379 sal·
811 3324 889 3387 tione,
904 3341 987 3392 supra,
1005 3341 1059 3392 pag.
1074 3325 1210 3387 tdilluam
1223 3325 1312 3376 deinde
1322 3323 1359 3374 la·

239 3415 269 3449 va
283 3399 339 3463 lide,
354 3401 523 3450 commentari.
811 3398 894 3450 bulam
909 3401 1004 3467 accepit
1017 3400 1049 3450 ab
1064 3417 1093 3451 eo
1107 3399 1207 3464 soldos,
1223 3417 1246 3449 r.
1258 3401 1361 3452 attona

272 3476 331 3533 818,
344 3490 398 3540 sqq.
410 3475 445 3525 lle
458 3476 506 3526 boc
519 3476 628 3542 epilogo,
645 3493 687 3527 seu
704 3479 785 3545 potins
811 3476 1216 3537 Kaldalaalioaseoomtractaros
1222 3477 1343 3527 incantoa

238 3551 269 3600 de
282 3549 330 3601 bac
346 3549 435 3616 epilogi
453 3558 536 3617 parte,
559 3554 625 3610 818,
639 3568 709 3618 sqq..
724 3553 784 3606 Lac·
1115 3599 1117 3602 >

237 3625 316 3676 tentio
332 3635 357 3676 et
370 3625 483 3676 Ecclesiae
496 3624 608 3676 Patribus
625 3625 716 3693 ignota,
730 3645 784 3695 gra-
978 3628 1020 3677 An
1027 3639 1130 3678 matt!
1142 3625 1184 3678 ll.

237 3701 335 3751 viraimo
347 3710 429 3750 autem
442 3699 532 3765 cuique
547 3702 712 3752 recentiorum
728 3721 785 3771 spu-

237 3777 273 3827 ria
283 3777 477 3842 interpolatoque
485 3776 544 3832 visa,
554 3792 631 3842 pauca
642 3776 785 3830 disseremus
847 3779 869 3828 l.
884 3793 938 3844 sqq.
956 3777 992 3828 De
1014 3777 1061 3827 hoc
1075 3777 1149 3837 libro,
1175 3777 1358 3845 Sibyllinorum

236 3855 367 3917 (quorsum
377 3851 443 3901 euim
452 3851 528 3901 multa
539 3851 564 3900 iu
577 3862 719 3916 argumento
732 3871 785 3906 ma·
810 3851 921 3902 omnium
929 3853 1118 3904 christianornm
1127 3852 1308 3918 antiquissimo,
1321 3853 1360 3903 vi»

237 3927 366 3990 offertor),
386 3927 444 3975 lieet
457 3924 521 3975 lianc
541 3926 656 3976 carminis
673 3929 784 3979 ultimam
811 3929 841 3977 de
854 3944 909 3993 qum
927 3929 986 3979 olim
1003 3946 1019 3979 a
1032 3929 1102 3980 nobis
1115 3930 1237 3996 disputata
1254 3939 1312 3979 aunt
1333 3929 1360 3979 in

238 4012 333 4070 partem
342 4001 380 4050 vir
389 4001 469 4050 clarus
478 4000 590 4066 (bissem.
600 4018 653 4067 pag.
665 4006 708 4065 26,
717 4007 785 4068 not.)
811 4002 870 4053 Exc.
888 4003 917 4063 V,
933 4020 987 4070 cap.
1003 4008 1017 4053 2
1031 4014 1056 4056 et
1070 4020 1144 4070 supra
1162 4005 1187 4054 iu
1204 4003 1279 4069 hujus
1291 4005 1363 4053 rolu-

237 4078 351 4129 adseraus
368 4075 539 4141 plerorumque
550 4078 785 4128 sententiamdelen·
811 4078 884 4128 mitris
903 4079 995 4130 introd.
1010 4079 1040 4129 ad
1050 4079 1102 4130 Sib.

237 4155 402 4203 dereoonatus
411 4150 451 4200 sit.
465 4149 581 4201 Fatemur
592 4162 684 4213 tamen,
693 4162 721 4202 ut
735 4170 785 4203 non
845 4155 885 4204 20.
894 4151 945 4203 lloc
954 4154 979 4203 in
990 4171 1165 4205 remunerasse
1175 4154 1364 4221 britaliquidde

237 4231 267 4279 de
276 4227 434 4293 Sibyllmcum
443 4224 535 4275 Nnimo
545 4226 703 4291 cognatione,
714 4226 747 4277 ita
755 4229 786 4279 de
812 4237 880 4278 textu
894 4238 989 4279 mutare
1001 4246 1088 4296 nempe
1101 4231 1134 4286 εἰς
1142 4230 1248 4289 &sums
1262 4247 1309 4297 pro
1323 4233 1364 4280 ls-

236 4299 545 4367 ojusantiquitatediluaio
559 4301 786 4368 proximatraditio·
811 4304 926 4360 δεκάτης,
935 4319 1019 4354 rensus
1028 4304 1175 4369 causa,quia
1184 4320 1234 4354 uno
1242 4321 1367 4356 consensu

236 4377 787 4443 uempcrretustameaseatquecaipsisSibyl·
814 4376 989 4442 Sibyllinorum
1012 4381 1122 4430 omnium
1140 4379 1262 4431 librorum
1284 4383 1369 4450 eujus

236 4450 292 4500 linis
305 4450 442 4500 oriundam.
459 4451 553 4502 Auctor
573 4451 639 4523 enim
657 4451 787 4518 primarius
812 4451 874 4502 libet
892 4454 930 4503 rel
944 4455 1043 4521 originis
1056 4456 1094 4506 rel
1112 4456 1198 4519 relatis,
1211 4455 1311 4509 decima
1323 4474 1369 4525 ge
