3186 5310
228 400 269 462 ³0
550 401 814 464 ΣΙΒΥΔΛΙΑΚΩΝ
837 402 964 464 ΛΟΓΟΣ
985 403 1020 462 Α.

337 523 425 614 ficem
440 553 541 638 όμῶς·
562 549 669 640 ἔμολον
685 540 714 616 δ’
726 541 785 618 ὑπὸ
805 550 971 645 ταρτάριον
986 539 1082 640 δόμον
1098 546 1194 632 αἰνὸν,

342 659 472 747 Δεσμοῖς
486 655 651 750 ἀρρήκτοις
669 662 897 751 πεφυλαγμένοι
916 649 1107 740 έξαποτῖσαι,

264 851 266 856 ,
341 759 395 838 Εἰς
413 754 521 830 Γέεναν
543 767 675 856 μαλεροῦ
685 759 805 857 λάόρου
820 765 913 859 πυρὸς
931 762 1116 856 ἀκαμάτοιο.

392 871 462 936 Τῶν
478 860 517 946 δὴ
533 870 584 937 καὶ
596 873 764 962 μετέπειτα
780 871 872 940 πολιν
885 875 969 966 γένος
985 863 1214 964 ὸμθριμόθυμον

239 976 301 1045 ιοό
343 959 483 1069 Εξεφάνη
497 976 643 1070 τρίτατόν
660 1003 697 1072 γε
714 977 905 1073 ὑπερφιάλων
923 976 1102 1071 ἀνθρώπων,

338 1088 460 1168 Δεινῶν,
479 1078 508 1152 οἳ
530 1083 611 1152 κακὸι
629 1082 730 1153 πολλὸι
747 1082 833 1180 παρά
855 1085 954 1179 σφίσιν
977 1078 1190 1163 έξεπονοῦντο.

342 1191 406 1260 Καὶ
422 1183 524 1269 τυὺςδ
540 1192 664 1284 ὑσμῖναί
680 1197 720 1279 τ’,
738 1184 959 1289 ἀνδροκτασίαι
975 1217 1022 1276 τε,
1037 1187 1135 1284 μάχαι
1156 1214 1189 1257 τε

342 1299 494 1390 Συνεχέως
510 1300 656 1382 ὥλεσκον,
672 1294 815 1396 ὑπέρθιον
833 1297 907 1394 ἦτορ
927 1300 1068 1392 ἔχοντας.

395 1391 443 1473 Ῐὺκ
459 1415 519 1474 τῶν
539 1397 579 1482 δὴ
599 1404 678 1500 μετὸε
696 1416 795 1477 ταῦτα
812 1407 980 1483 κατάλυθεν
1000 1401 1201 1493 όψιτελεστον

240 1537 303 1581 ιιο
340 1499 530 1582 ὁπλότατον
549 1516 635 1607 γένος
653 1511 742 1599 ἀλλο,
758 1515 929 1607 μιαιφόνον,
949 1506 1183 1605 ἀκριτόόουλον,

343 1608 471 1712 ἀνδρῶν
487 1625 516 1688 έν
534 1618 664 1716 τετράτγ
685 1631 794 1716 γενεῇ·
817 1619 846 1689 οἳ
865 1616 967 1691 πολλά
985 1622 1108 1713 χέεσκον

343 1728 485 1819 Αἴματα,
503 1727 570 1795 οὕτε
587 1728 665 1794 Θεὸν
684 1719 847 1813 δειδιότες,
868 1729 931 1797 οὔτ’
948 1727 1124 1819 ἀνθρώπους

344 1825 521 1926 Αἰδόμενοι.
537 1832 635 1902 Μάλα
649 1835 707 1930 γάρ
726 1860 774 1903 τοι
793 1837 840 1903 ἐπ’
853 1837 974 1903 αὑτοῖσι
991 1829 1146 1920 βεόόλητο

346 1938 561 2034 Οἰστρομανὸς
581 1951 668 2034 μῆνις
683 1942 735 2009 καὶ
748 1932 894 2017 δυσσεόόη
914 1944 1053 2036 ἀλεγεινή
1058 1989 1066 2005 .

242 2045 304 2118 115
341 2048 405 2115 Καὶ
418 2051 489 2128 τυὸς
502 2049 557 2142 μὸν
573 2049 704 2141 πόλεμοί
717 2049 759 2138 τ’,
776 2042 997 2141 ἀνδροκτασίαι
1018 2073 1067 2132 τε,
1092 2045 1190 2141 μάχαι
1204 2071 1239 2113 τε

346 2154 400 2235 Εἰς
419 2137 533 2250 ἀρεόυς
550 2152 719 2247 προΐαψεν,
738 2147 870 2252 ὸϊζυρυός
889 2181 945 2250 περ
965 2155 1085 2236 δόντας,

346 2244 469 2355 Ᾰνδρας
485 2256 662 2342 ὸυσοεθέας.
679 2264 760 2344 Τοὺς
774 2255 804 2330 δ’
821 2261 858 2332 αὑ
878 2263 1041 2358 μετόπισθε
1058 2261 1194 2356 χόλοισιν

347 2369 495 2461 Οὑράνιος
509 2372 586 2449 Θεὸς
602 2371 692 2448 αὑτὸς
708 2375 759 2438 έυὺ
775 2371 966 2463 μετεθιὺκατο
986 2370 1118 2463 κόσμου,

348 2476 505 2571 Ταρτάρῳ
523 2471 706 2569 ἀμφιόοιλὸιν
730 2477 855 2572 μεγαλῳ
871 2480 931 2547 ὑπὸ
950 2477 1077 2570 πυθμένι
1095 2474 1215 2573 γαίης,

247 2608 309 2652 120
404 2580 469 2650 Καὶ
487 2579 580 2650 πάλιν
597 2579 674 2651 ἀλλο
692 2584 778 2680 γένος
803 2585 884 2653 πολὺ
905 2586 1075 2679 χειρότερον
1096 2579 1278 2676 μετόπισθεν

349 2677 524 2782 Ᾱνθριὺπων
541 2688 655 2772 σείοντ’,
671 2687 715 2771 οἷς
731 2692 787 2757 οὑκ
800 2690 913 2787 ἀγαθὸν
927 2689 1092 2785 μετέπειτα

348 2785 509 2875 Ᾱθάνατυς
523 2798 600 2876 Θεὸς
615 2789 728 2877 τεῦξεν,
747 2798 811 2865 ἐπεὶ
826 2795 908 2866 κακὰ
923 2799 1013 2868 πόλλ’
1031 2800 1207 2868 ότονυῶντυ.

350 2902 392 2971 Οἱ
403 2900 463 2998 γὰρ
481 2895 660 2997 ὑάριστῆρις
675 2908 782 2991 πολλῷ
800 2903 924 2982 πλέονῆ
944 2907 994 2973 ὅτ’
1012 2908 1130 2993 ἐκεῖνοι,

349 3010 496 3105 Γίγαντες
512 3004 641 3099 σκολιοὶ,
656 3019 772 3103 μιαρῶς
789 3001 938 3106 δύσφημα
954 3013 1090 3107 χέοντες.

245 3118 307 3188 125
348 3118 470 3195 Μοῶνος
487 3107 516 3183 δ’
530 3121 560 3186 έν
579 3114 727 3185 πάντεσσι
745 3107 944 3199 δικαιότατος
962 3117 1016 3187 καὶ
1034 3118 1148 3199 ἀληθὴς

349 3202 397 3292 Ιὸν
417 3226 502 3310 Νῶε,
517 3223 720 3312 πιστότατος,
736 3230 841 3305 καλοῖς
858 3225 889 3294 τ’
907 3226 1022 3322 ἔργοισι
1038 3226 1196 3319 μεμηλώς.

349 3329 413 3399 Καὶ
426 3338 473 3418 τῷ
488 3330 541 3423 μὸν
556 3331 631 3410 θεὸς
650 3331 739 3410 αὑτὸς
756 3330 812 3401 ἀπ’
827 3332 985 3427 οὐρανόθεν
1008 3332 1091 3424 φάτο
1109 3339 1191 3418 τοῖα,

403 3438 488 3523 Νῶε,
502 3429 597 3531 δέμας
612 3437 756 3532 θάρσυνον
775 3442 836 3525 έὸν,
852 3438 956 3508 λαοῖσί
970 3464 1004 3508 τε
1022 3445 1100 3509 πᾶσι

352 3535 493 3638 Κόρυξον
512 3543 690 3636 μετάνοιαν,
708 3548 791 3625 ὅπως
805 3546 941 3614 σωθῶσιν
962 3545 1109 3626 ἀπαντες.

250 3657 313 3723 130
354 3638 402 3721 Ην
423 3641 460 3717 δέ
479 3674 514 3744 γε
528 3653 582 3718 οὑκ
599 3651 760 3745 ἀλέγουσιν,
777 3644 906 3723 ἀναιδέα
923 3653 1016 3745 θυμὸν
1036 3654 1171 3746 ἔχοντες,

354 3761 425 3825 Πάν
441 3762 526 3853 γένος
541 3750 671 3836 ἐξολέσω
689 3759 833 3854 μεγαλοις
847 3751 969 3827 ὑδάτων
984 3766 1227 3854 κατακλυσμοῖς.

355 3864 409 3934 Σοὶ
426 3854 458 3930 δ’
473 3859 526 3932 ὦκ’
540 3865 574 3931 ἐκ
595 3857 677 3957 ρῖζης
690 3890 725 3961 γε
744 3857 910 3957 ἀδιψότοιο
927 3866 1052 3946 τεθηλὸς

248 4115 279 4125 -
296 4088 354 4147 101,
370 4098 426 4151 sqq.
440 4079 532 4138 Τειῶε,
552 4077 712 4147 superborum
723 4081 884 4149 quorumdum
907 4091 933 4133 et
948 4080 1013 4132 ὑεΙΙο
1026 4080 1164 4132 εοὸεεὶοιυ.
1179 4108 1209 4118 -·
1226 4081 1283 4138 100,
1308 4095 1364 4147 ειγιγ,

245 4171 346 4232 Quarta,
361 4167 492 4236 impiorum
504 4175 528 4217 et
542 4181 718 4234 perversorum.
739 4195 769 4204 -
792 4169 847 4228 120,
861 4183 915 4233 sqq.
938 4165 1037 4228 Quinta,
1062 4165 1200 4234 Gigantum,
1213 4182 1244 4216 ex
1256 4181 1305 4232 qua
1319 4165 1366 4216 fuit

245 4255 360 4306 Νοέιιιοε.
375 4283 406 4292 -
422 4257 478 4314 125,
491 4269 545 4321 sqq.
561 4248 684 4302 Diluvium
697 4251 837 4302 universum
850 4251 943 4303 Νοέωυ
953 4250 985 4303 εὑ
999 4251 1051 4319 ipso
1066 4250 1117 4303 οου
1130 4250 1317 4320 pmnuntintur.
1333 4278 1365 4290 -

284 4428 338 4478 101.
358 4426 397 4476 An
416 4426 496 4492 potius
512 4419 593 4487 ἦσαν·
607 4426 676 4490 ὅμως
694 4422 717 4474 δ’
733 4422 792 4489 ἀμο-
860 4426 914 4475 102.
935 4423 985 4474 cfr.
999 4422 1071 4485 infra,
1086 4428 1142 4477 180.

247 4506 309 4555 λονὺ
331 4517 473 4569 quanquam
489 4502 558 4565 ὁμῶς
571 4499 719 4570 ὃὺὑγίὑίοιιιιι
729 4507 774 4550 εει.
861 4504 917 4551 101.
938 4499 1015 4552 codd.
1029 4502 1129 4567 ὑσμίνη,
1144 4499 1304 4568 ὑοεὶοςιιὺεῐὶ,
1317 4514 1368 4552 uon
