3186 5310
228 398 287 460 ³82
664 459 668 467 ,
727 397 840 458 NOTAE

228 539 317 596 partes,
332 527 410 594 §tet
423 531 448 588 d,
464 542 509 592 pro
523 542 571 577 una
585 527 687 587 baberi,
704 529 771 595 quod
796 543 907 594 quamex
916 526 986 577 ferali
995 523 1199 576 Catacumbarcm
1211 523 1338 574 memoria.

229 605 267 656 sir
278 602 422 654 clarissimus
433 603 505 652 modo
519 602 634 654 volebat?
796 605 846 654 Nec
859 613 941 654 tamen
961 603 1043 652 statim
1060 609 1172 667 receptus
1187 609 1233 650 aut
1248 599 1340 665 ubique

263 684 321 732 460.
339 678 393 728 Non
410 687 446 727 est
458 677 558 728 fortasse
571 679 623 728 sine
635 689 693 730 nota
711 696 772 746 prte-
797 681 921 748 probatus.
937 679 997 728 llam
1014 678 1087 729 tertio
1107 677 1181 728 etiam
1198 676 1287 726 seculo
1300 676 1341 725 de·

229 755 374 808 tereundum
398 754 523 819 epitheton
543 754 669 819 σθεναρὸν,
690 764 772 805 ortum
798 757 901 817 sinente,
916 754 1065 811 Lactamins,
1078 752 1158 803 Divin.
1166 751 1227 802 lnst.
1241 751 1287 802 lib.
1299 749 1341 808 Vl,

229 832 320 898 quippe
326 846 357 878 ex
363 828 461 893 antiqua
469 828 608 888 traditione,
617 830 713 894 angelos
722 845 772 879 ma·
799 847 851 898 cap.
867 834 898 888 2,
919 829 949 880 de
964 828 1068 880 ethnicis
1085 829 1184 894 quidem
1197 825 1289 877 iaciens
1308 825 1343 876 ibi

227 907 288 973 joris
299 920 432 969 essequam
444 902 554 953 homines
561 913 654 953 naturae
662 913 772 955 staturae·
799 923 943 965 sermonem,
954 921 1009 954 snos
1017 914 1099 955 tamen
1107 901 1342 968 haudobscurepen

231 997 287 1046 qne.
308 980 385 1041 Quam
403 976 576 1042 traditionem,
598 977 623 1026 in
642 979 774 1029 annuntia·
799 976 1343 1047 stringens:«Accerrdunt,ait‚luminaaelut

210 1106 215 1115 ,
230 1055 298 1105 tione
309 1053 450 1104 beatissime
457 1053 571 1119 Virginis,
582 1053 775 1104 artificesomnes
802 1080 814 1104 ι
824 1058 849 1106 in
869 1055 975 1107 tenebris
994 1055 1073 1121 agenti
1092 1055 1161 1114 Deo,
1176 1075 1189 1098 ι
1210 1063 1236 1104 et
1257 1051 1341 1103 inin:

232 1131 264 1181 ob
278 1129 344 1179 omni
356 1128 491 1178 christiane
500 1129 559 1179 artis
570 1129 689 1187 aevo,sive
698 1130 776 1194 scnlp
802 1154 816 1180 ιι
825 1132 888 1182 Num
903 1132 977 1197 igitur
986 1132 1074 1181 mentis
1088 1147 1135 1180 sna
1144 1144 1245 1195 compos
1256 1137 1345 1194 putan-

232 1215 307 1267 tores,
318 1204 367 1254 sive
381 1205 493 1270 pictores.
505 1203 667 1254 retinuerunt.
804 1230 816 1254 ι
825 1209 870 1258 dus
879 1208 960 1274 estqui
965 1205 1171 1257 auctorietdntori
1181 1203 1346 1254 luminiscan·

268 1285 326 1339 4⁸1,
338 1296 391 1346 sqq·
403 1279 460 1340 Quae
470 1279 520 1341 hic,
530 1278 618 1345 prioris
629 1288 716 1329 nostre
724 1278 777 1328 edi-
803 1283 934 1333 «delatum
948 1298 976 1332 ac
990 1297 1102 1332 cerarum
1122 1296 1193 1330 usum
1211 1278 1288 1329 ottae
1300 1294 1346 1345 pro

233 1356 307 1407 tionis
325 1356 446 1421 exemplo,
465 1354 608 1404 inscribitur
620 1355 678 1404 libri
697 1355 776 1404 octavi
805 1380 817 1403 a
829 1363 972 1408 muneret»
985 1356 1063 1421 ldem,
1071 1357 1101 1405 de
1114 1356 1154 1405 lra
1164 1355 1219 1413 Dei,
1227 1370 1286 1420 cap.
1296 1356 1344 1404 23:

233 1430 413 1498 parsquarta‚§
422 1434 446 1489 l,
455 1429 693 1480 melinshsnctertiae
701 1429 776 1495 partis
805 1455 818 1479 a
829 1434 985 1494 llnndemns,
998 1432 1046 1491 ait,
1064 1431 1112 1481 hoc
1126 1431 1245 1497 templum
1259 1427 1349 1495 [animi

233 1506 395 1573 appendicem
411 1503 502 1554 censeri
516 1520 582 1554 cnunc
596 1505 705 1567 velimus,
720 1519 776 1553 cum
804 1529 817 1554 ι
828 1508 941 1558 videlicet
954 1507 1059 1572 nostri],
1076 1507 1142 1571 quod
1156 1521 1209 1555 non
1223 1504 1290 1555 ceris
1308 1519 1348 1553 aa·

234 1598 283 1647 qua
296 1581 367 1631 facile
380 1579 519 1629 continuari
541 1588 620 1645 potest
631 1581 678 1630 hoc
692 1579 774 1629 modo.
805 1582 954 1645 «dentibus,
967 1583 1008 1632 sed
1019 1582 1128 1632 claritate
1140 1597 1170 1630 ac
1185 1581 1241 1630 luce
1254 1579 1350 1646 sapien·

235 1656 292 1706 Post
312 1656 443 1705 adventum
468 1653 635 1720 Redemptoris
657 1655 683 1704 in
702 1664 778 1705 terras
805 1658 1034 1708 «tirsilluminatnr.
1045 1677 1057 1701 ιι
1068 1654 1350 1708 Defendittamenhnne

235 1732 335 1796 ejusque
354 1728 472 1778 nascentis
486 1727 557 1778 initia
575 1730 643 1793 juxta
658 1729 778 1794 evangeli·
804 1749 874 1782 usum
892 1732 973 1781 multis
986 1740 1112 1780 auctorum
1125 1730 1284 1796 antiquorum
1300 1737 1351 1778 tes·

236 1822 290 1856 cam
299 1804 462 1854 narrationem
469 1805 582 1868 usquead
590 1814 714 1869 pastorum
721 1804 779 1853 ndo·
805 1808 913 1858 timoniis
925 1807 1075 1872 gravissimus
1091 1806 1211 1856 uetantii
1229 1805 1352 1870 interpres

237 1881 356 1931 rationem
364 1881 477 1940 deducta,
487 1879 597 1943 seqnitur
604 1881 689 1929 lacuna
697 1880 780 1944 ingens
806 1884 876 1933 lsaeus
893 1883 924 1933 ad
934 1882 987 1931 btv.
1003 1882 1060 1932 lust.
1075 1883 1123 1932 loe.
1141 1897 1214 1947 snpra
1228 1881 1274 1930 cit.

235 1973 289 2022 que
298 1955 433 2006 necessario
442 1956 571 2021 complecti
583 1954 779 2005 olimdebuitto·
840 1962 896 2008 498.
916 1959 1051 2023 Agaparum
1064 1973 1129 2012 ustis.
1143 1957 1252 2023 primum
1267 1954 1352 2006 Eccle-

237 2043 288 2083 tam
309 2030 398 2082 Christi
420 2030 510 2089 vitam,
528 2030 665 2080 Passionem
683 2045 780 2095 quoque
806 2033 847 2082 siis
867 2032 980 2082 omnibns
1003 2031 1144 2090 eommunis,
1158 2032 1199 2081 diu
1222 2031 1249 2080 in
1258 2030 1351 2088 multis,

237 2118 263 2158 ct
275 2116 379 2157 mortem
390 2115 415 2155 et
427 2106 636 2156 resurrectionem.
650 2105 709 2155 lnde
722 2121 781 2171 pro·
806 2108 863 2158 licet
888 2123 963 2173 usque
986 2107 1154 2172 patroioribus‚
1173 2105 1351 2173 persermvit:

237 2183 337 2232 cedebat
348 2182 390 2231 illa
403 2181 480 2246 poesis
495 2182 526 2230 ad
548 2182 661 2232 Ecclesiae
678 2181 780 2230 incuna·
807 2198 886 2247 neque
906 2182 956 2231 ullo
969 2184 1041 2232 modo
1062 2181 1133 2232 statui
1152 2189 1235 2247 potest
1255 2178 1354 2246 qinando

237 2258 311 2317 bula,
331 2266 404 2322 atque
424 2256 460 2305 ibi
481 2257 547 2306 locus
564 2267 616 2306 erat
630 2266 781 2323 opportunus
807 2256 898 2321 ubique
914 2256 1020 2315 desierit,
1040 2256 1131 2322 quippe
1150 2254 1372 2323 cujnshodieqne-

197 2369 200 2375 .
237 2333 385 2399 exponendas
394 2331 532 2381 christianae
540 2333 666 2390 doctrinae,
673 2332 737 2397 quod
745 2348 782 2380 ar·
807 2331 934 2381 manifesta
942 2340 1036 2381 exstant
1047 2331 1145 2396 vestigia
1156 2331 1183 2380 in
1194 2329 1356 2380 orientalibus

237 2418 378 2474 gumentum
395 2407 506 2456 inchoari
525 2407 634 2457 videmus
651 2407 689 2456 his
708 2406 781 2455 versi·
808 2406 941 2473 presertim
954 2406 1069 2456 ecclesiis.
1083 2403 1235 2470 Licetigitnr
1246 2403 1355 2470 antiqui-

237 2483 298 2534 hus:
322 2487 362 2534 Ἐν
373 2483 459 2547 κραδίῃ
479 2498 507 2531 τε
527 2484 740 2548 τριπεινοφρονιῖν,
754 2498 779 2530 ιι.
808 2491 883 2531 tatem
896 2481 1004 2531 redoleat
1020 2482 1061 2531 hie
1077 2481 1153 2539 locus,
1168 2479 1354 2529 nullumexeo

238 2577 261 2611 τ.
277 2562 298 2609 λ.
316 2557 366 2608 Nec
378 2573 436 2607 vero
450 2573 505 2622 pars
514 2556 566 2606 haec
576 2557 695 2623 posterior
705 2556 782 2622 priori
808 2556 925 2606 indicium
950 2557 1030 2622 colligi
1050 2565 1128 2623 potest
1150 2556 1181 2605 atl
1199 2553 1354 2605 statuendam

238 2634 303 2683 cedit
311 2633 361 2682 site
375 2631 492 2682 orationis
511 2633 629 2697 elegantia
649 2648 692 2681 seu
710 2631 782 2681 metri
809 2631 923 2682 carminis
933 2640 1038 2681 aetatem.
1059 2631 1107 2681 Sed
1120 2639 1156 2680 est
1172 2629 1304 2680 observatu
1317 2627 1355 2677 di·

238 2708 411 2758 concinnitate.
433 2707 543 2768 Quodsi
566 2723 664 2769 verum,
687 2716 714 2756 ut
736 2715 780 2763 est,
808 2723 855 2773 gns
868 2706 975 2773 primori
988 2706 1066 2757 cultus
1079 2705 1228 2763 humanitas,
1243 2713 1355 2754 constan·

239 2783 366 2840 habeatur,
379 2784 429 2847 jam
439 2798 469 2831 ex
481 2780 548 2839 Vlll,
564 2782 579 2845 S
592 2786 606 2831 :t
620 2781 670 2846 ets
684 2783 708 2840 l,
721 2798 783 2830 unus
809 2783 840 2832 tis
853 2782 971 2843 maxime,
990 2791 1079 2847 prater
1090 2782 1193 2847 hymnos
1213 2789 1241 2830 et
1253 2794 1355 2847 preces,

240 2859 282 2908 siet
298 2857 369 2916 liber,
386 2859 463 2922 isque,
484 2867 512 2906 nt
532 2857 604 2905 modo
617 2855 783 2914 subdebamus,
810 2858 955 2907 omnimodis
967 2857 1069 2908 allectus
1081 2856 1182 2907 fraterni
1195 2854 1355 2922 pignoribus,

241 2933 362 2986 decimus,
380 2932 414 2982 ita
428 2943 455 2982 ut
475 2933 562 2982 lacuna
575 2932 707 2998 impleatur
719 2932 784 2981 inter
811 2944 838 2983 ut
847 2932 959 2983 videlicet
968 2933 1049 2999 agapis
1056 2932 1107 2983 istis
1117 2931 1243 2981 communi
1249 2928 1357 2997 prnbitis

240 3007 299 3058 vtlt
311 3017 336 3058 et
349 3007 391 3057 xl.
411 3006 483 3073 Origo
502 3018 584 3057 antem
601 3007 690 3057 decimi
712 3007 785 3072 hujus
811 3007 935 3073 impendio
944 3045 950 3067 ,
960 3017 984 3058 ct
996 3008 1061 3073 large
1070 3008 1167 3074 quidem
1176 3022 1206 3056 ac
1216 3021 1287 3073 pene
1298 3019 1356 3071 pro-

142 3135 150 3149 ,
241 3083 308 3146 libri,
323 3082 459 3149 tamhujns
470 3099 544 3149 quam
561 3082 649 3148 prioris
661 3083 782 3142 sectionis,
811 3083 871 3140 inse,
883 3077 993 3148 ἀφνιιαῖς
1001 3084 1116 3145 ἀγάπαις,
1127 3079 1279 3147 donisquein
1289 3095 1356 3129 eom·

241 3159 342 3210 minime
356 3159 430 3210 dubia
441 3175 491 3208 esse
501 3167 597 3223 potest,
611 3174 687 3223 quum
699 3168 786 3207 auctor
811 3173 884 3206 mnne
910 3158 1019 3216 collatis,
1034 3158 1149 3223 εὺδώρσις
1165 3156 1310 3220 παλάμῃσι,
1332 3161 1357 3202 et

242 3238 293 3301 ipse
307 3235 396 3286 Christi
413 3243 556 3303 sectatorem
570 3242 654 3300 aperte
668 3249 693 3283 se
710 3233 785 3298 proli-
812 3232 929 3298 quidquid
939 3241 1036 3282 mutuos
1042 3232 1155 3282 amicitiae
1161 3247 1244 3281 sennis
1250 3247 1310 3281 cum
1318 3228 1358 3296 pia

243 3319 323 3361 teatnr
335 3310 373 3360 his
383 3308 505 3366 versibus,
522 3311 580 3366 ist,
595 3324 648 3373 sqq.
666 3325 672 3356 ι
812 3317 925 3373 castaque
938 3307 1022 3358 letitia
1036 3307 1101 3358 alere
1113 3315 1138 3356 et
1150 3306 1232 3356 lovem
1245 3313 1356 3373 potent.

243 3386 344 3437 Tabira'
358 3386 397 3453 ἄρ’
411 3384 482 3448 ἡμεῖς
495 3384 520 3439 ἐξ
532 3384 601 3442 ὁσίης
610 3384 732 3449 Xptoroio
745 3401 786 3446 γε·
813 3385 897 3448 ἁγναῖς
907 3385 1054 3449 πραπίδεσσι
1066 3383 1108 3432 καὶ
1121 3378 1221 3447 εὔφρονι
1232 3381 1317 3445 θυμῷ.

587 3459 680 3519 νέθλης,
691 3474 715 3506 κ.
727 3475 750 3505 τ.
763 3459 785 3507 l.
848 3463 905 3509 501.
922 3459 992 3509 Deest
1000 3459 1092 3525 aliquid
1105 3458 1131 3506 in
1140 3457 1197 3515 line,
1207 3455 1359 3507 sedomnino

244 3532 338 3582 Idcirco
352 3532 444 3582 Christi
458 3547 525 3580 sacra
537 3531 567 3581 de
579 3540 649 3595 gente
663 3531 738 3580 creati
813 3535 946 3593 modicum,
958 3551 1039 3584 versus
1061 3550 1157 3599 nempe,
1174 3532 1221 3582 nisi
1233 3530 1358 3589 fallimur,

246 3608 354 3658 Dicimur
367 3617 392 3657 et
408 3606 473 3656 dulci
487 3606 618 3671 gaudemus
630 3606 729 3655 nomine
741 3604 789 3655 lra-
815 3609 938 3676 perpauci,
947 3610 1075 3659 inlaudem
1084 3609 1127 3658 [lei
1136 3606 1266 3671 creatoris,
1275 3607 1360 3673 quate

711 3691 785 3730 num.
815 3685 865 3734 iere
881 3685 907 3734 in
922 3685 1046 3750 praesentis
1059 3683 1144 3750 hymni
1164 3681 1280 3742 exordio,
1301 3675 1358 3739 lto,

246 3759 396 3809 Christianus
407 3775 463 3824 crgo
477 3769 548 3826 poeta
558 3793 565 3815 ‚
577 3772 623 3805 nec
637 3757 678 3806 ille
691 3757 789 3822 quidem
815 3776 868 3825 sqq.
886 3777 891 3809 :
908 3776 957 3826 qno
971 3761 1045 3825 magis
1064 3759 1180 3810 sectiones
1191 3759 1230 3809 hae
1240 3757 1306 3817 duae,
1319 3757 1363 3823 §3

247 3836 355 3900 pessimae
367 3833 625 3885 notaenutdeterrimae
634 3832 718 3893 etatis,
728 3831 790 3881 sicut
816 3845 841 3885 et
860 3839 885 3896 l,
906 3835 997 3885 haerenl
1016 3836 1080 3885 inter
1093 3851 1118 3885 se
1137 3833 1256 3884 devinctis
1270 3849 1302 3884 ao
1318 3848 1363 3901 pro

247 3911 273 3959 in
286 3910 380 3960 lntrod.
394 3911 424 3959 ad
436 3910 523 3976 Sibyll.
536 3908 760 3959 demonstravimus.
817 3926 875 3970 una,
887 3911 949 3960 sicut
961 3911 1073 3970 diximus,
1088 3909 1204 3959 habmus
1215 3918 1285 3961 sunt.

282 3990 339 4037 ⁴90.
359 3986 500 4036 Interritus
517 3983 614 4052 paganis
633 3984 791 4049 exprobratos

248 4072 364 4127 tanquam
378 4061 465 4128 impios
478 4071 520 4111 anit
532 4070 598 4111 certe
609 4059 691 4109 divina
705 4060 790 4124 majes-
982 4075 1019 4111 nn
1036 4072 1139 4112 Lmttutt
1153 4059 1193 4109 xt.

249 4147 300 4187 tate
317 4136 436 4200 indignos,
449 4136 487 4185 bis
499 4136 605 4186 occurrit
617 4135 643 4183 in
657 4132 791 4200 Sibyllinis,

251 4213 291 4262 hic
304 4222 329 4262 et
340 4227 412 4277 supra
426 4214 484 4271 387,
498 4212 636 4277 lampadum
649 4226 691 4259 sen
704 4209 792 4258 cando-
855 4214 876 4259 l.
896 4211 966 4260 llnnc
977 4211 1066 4260 librum
1080 4226 1136 4261 ctam
1146 4209 1227 4261 tribus
1238 4211 1368 4277 sequenti·

251 4288 330 4337 larum
350 4285 455 4336 interdiu
480 4302 634 4336 accensorum
659 4300 723 4333 usus.
746 4282 793 4343 Qui
819 4286 872 4343 bus,
885 4286 955 4335 simul
965 4303 1048 4336 omncs
1058 4285 1216 4335 historiarum
1230 4286 1311 4336 totius
1321 4287 1368 4337 hu·

253 4374 334 4428 postea
355 4363 380 4412 in
403 4362 540 4411 christianis
560 4378 656 4427 quoqne
682 4360 794 4411 Ecclesiis
820 4359 884 4409 mani
908 4361 1000 4424 generis
1025 4361 1213 4425 complectentes
1235 4377 1250 4411 ι
1272 4361 1369 4412 diluvio

254 4436 392 4501 prevaluit,
406 4440 518 4485 nontam
532 4436 656 4500 gentilium
671 4435 793 4501 exemplo,
821 4436 933 4485 inurerso
946 4451 1022 4500 nsque
1031 4436 1060 4485 ad
1071 4435 1196 4486 Aureliani
1210 4435 1371 4502 imperatoris
