3186 5310
655 422 914 483 ΣΙΒΥΛΛΙΑΙΙΩΝ
936 422 1064 483 ΛΟΓΟΣ
1083 421 1115 482 Γ.

825 686 853 741 >t
932 685 958 740 -λ

439 910 516 988 Ᾰλλ’
529 920 646 987 ὁπόταν
662 918 806 1012 μεγαλοιο
823 915 905 983 Θεοῦ
925 919 1087 983 τελέωνται
1106 915 1242 1000 ἀπειλαὶ,

437 1013 483 1107 da
497 1028 570 1094 ποτ’
585 1024 769 1099 ἐπηπειλησε
790 1025 925 1114 βροτοῖς,
948 1020 976 1090 οἳ
993 1026 1105 1118 πύργον
1120 1017 1241 1100 ἔτευξαν

436 1137 531 1227 Χώρη
554 1138 583 1202 ἐν
600 1117 735 1223 Ᾰσσνρίῃ
752 1120 921 1223 (ὁμόφωνοι
935 1122 964 1194 d’
980 1128 1056 1203 ἦσαν
1077 1129 1225 1209 ἅπαντες,

336 1269 397 1309 100
437 1241 500 1308 Καὶ
518 1241 658 1322 βοόλοντ’
673 1232 821 1313 ἀναβῆναι
836 1241 865 1315 ἐς
884 1238 1008 1330 οὐρανὸν
1024 1225 1225 1330 ἀστερόεντα)
1239 1263 1247 1277 ·

438 1349 559 1417 Αὐτίκα
575 1339 603 1411 d’
617 1335 777 1422 Ᾰθοίνατος
792 1343 926 1438 μεγαλην
942 1343 1083 1416 ἐπέθηκεν
1099 1341 1234 1438 ἀνοίγκην

438 1455 631 1546 Πνεόμασιν·
653 1450 748 1542 αὐτὰρ
764 1453 859 1517 ἔπειτ’
878 1449 983 1541 ᾄνεμοι
1002 1451 1096 1544 μέγαν
1118 1448 1207 1540 ὕβοθι
1226 1454 1338 1544 πύργον

437 1546 552 1650 Pidasa,
572 1558 624 1627 καὶ
640 1560 790 1631 θνητοῖσιν
808 1562 853 1624 ἐπ’
872 1559 1015 1634 ἀλληλοις
1031 1559 1089 1649 ἔριν
1108 1554 1228 1648 ὦρσαν·

436 1668 571 1735 Totius
592 1692 639 1733 τοι
658 1659 826 1731 Βαβυλῶνα
846 1664 950 1755 βροτοὶ
973 1667 1059 1731 πόλει
1078 1666 1180 1756 οὔνομ’
1194 1665 1309 1733 ἔθεντο.

337 1778 397 1843 105
419 1767 420 1772 ἵ
493 1770 597 1865 Αὐτὰρ
618 1774 684 1840 ἐπεὶ
703 1774 816 1864 πύργος
835 1773 862 1837 τ’
878 1773 978 1855 ἔπεσε,
997 1771 1134 1863 γλῶσσαί
1153 1776 1181 1838 τ’
1201 1772 1364 1865 ἀνθρώπων

438 1872 659 1958 Παντοδαπαῖς
677 1887 804 1971 ρωναῖσι
821 1870 1006 1969 διέστρερον,
1022 1875 1117 1968 αὐτὰρ
1137 1878 1245 1946 ἅπασα

436 1995 513 2056 Γαῖα
538 1991 656 2079 βροτῶν
677 1993 847 2078 πληροῖτο,
870 1977 1068 2076 μεριζομένων
1085 1986 1251 2068 βασιλιόων.

437 2095 499 2160 Καὶ
513 2095 586 2162 τότε
601 2084 640 2166 δὴ
657 2084 773 2165 θεκοίτη
788 2095 872 2187 γενεὴ
894 2092 1031 2182 μερόπων
1051 2089 1231 2184 ἀνθρώπων,

437 2189 482 2278 ΕΞ
496 2199 588 2295 οὗπερ
607 2201 824 2290 κατακλυσμὸς
844 2199 894 2265 ἐπὶ
911 2200 1072 2290 προτέρους
1092 2201 1189 2290 γένετ’
1208 2191 1336 2291 ἄνδρας·

337 2337 398 2376 110
438 2310 501 2376 Καὶ
518 2300 678 2394 βασίλευόε
696 2307 827 2398 Κρόνος,
848 2306 899 2371 καὶ
919 2302 1032 2387 Τιτὰν,
1057 2292 1183 2386 Ιαπετός
1202 2333 1246 2389 τε,

438 2416 532 2493 Γαίης
549 2416 642 2479 τέκνα
658 2414 787 2504 ρόριστα
806 2411 857 2477 καὶ
876 2416 1013 2503 Οὐρανοῦ
1032 2406 1228 2489 ἐξεκόλεσσαν

436 2505 609 2613 Ᾰνθρωποι,
624 2518 712 2613 γαίης
725 2544 760 2586 τε
774 2519 826 2584 καὶ
839 2521 966 2611 οὐρανοῦ
979 2520 1093 2610 οὕνομα
1115 2518 1227 2600 θέντες,

363 2755 430 2806 Ano.
453 2753 559 2804 Historia
582 2768 663 2801 rerum
684 2751 854 2814 humanarum,
866 2750 987 2799 narrando
1002 2750 1107 2816 primum
1129 2753 1255 2817 usquead
1278 2757 1446 2816 versum162,

330 2841 418 2890 deinde
436 2837 590 2889 vaticinando
604 2837 708 2886 deducta
725 2852 768 2903 per
782 2834 950 2885 intermediam
963 2835 1104 2884 seculorum
1117 2836 1203 2885 seriem
1216 2852 1231 2885 ιι
1244 2837 1360 2888 nabeticae
1373 2840 1448 2890 turris

330 2925 454 2977 eversione
475 2924 507 2974 sd
527 2923 665 2973 ludaeorum
676 2939 706 2972 es
717 2921 843 2988 Assyrium
859 2920 973 2971 servitute
989 2921 1103 2972 reditum.
1119 2919 1176 2970 Pars
1193 2921 1244 2972 baec
1265 2922 1320 2972 libri
1338 2923 1371 2972 ΙΙΙ
1390 2941 1447 2975 cum

330 3009 425 3060 duabus
437 3007 547 3076 proxime
558 3004 713 3073 sequentibus
728 3004 802 3070 (sive,
818 3013 845 3054 ut
858 3003 928 3053 nobis
939 3005 1014 3071 magis
1027 3006 1115 3071 placet,
1126 3022 1183 3055 cum
1196 3016 1315 3072 postrema
1329 3008 1444 3074 sectione,

332 3094 403 3159 84),
420 3093 529 3154 ΒΙοοΙιΙο,
552 3101 670 3159 quamum
687 3089 817 3151 credimus,
830 3089 910 3157 primo
927 3089 977 3140 visa
995 3099 1031 3140 est
1051 3100 1075 3141 et
1089 3108 1155 3141 nune
1175 3091 1288 3141 omnibus
1302 3092 1353 3142 fere
1370 3090 1448 3144 doctis

332 3178 437 3230 babetur
455 3178 622 3244 antiquissima
642 3175 718 3227 totius
737 3174 852 3241 Sibyllini
870 3173 987 3240 corporis,
1001 3174 1091 3240 scripta
1103 3191 1190 3241 nempe
1207 3193 1222 3227 a
1239 3176 1328 3227 Judaeo'
1342 3177 1447 3228 Alexan·

366 3388 481 3439 'struens
491 3385 540 3436 hoc
548 3388 602 3436 loco
611 3387 692 3435 nullus
701 3402 730 3435 ac
740 3402 770 3434 ne
781 3386 875 3435 lacunae
907 3383 1046 3450 pretatione
1059 3387 1136 3436 multa
1153 3386 1320 3448 disseruimus,
1336 3389 1449 3456 quodque

334 3465 433 3530 quidem
442 3472 499 3513 nota
508 3461 534 3510 in
548 3461 681 3520 codicibus,
690 3470 718 3510 ut
728 3477 772 3510 nec
782 3460 806 3509 iu
819 3462 874 3510 edd.
907 3461 971 3527 apud
983 3460 1077 3511 Juduos
1090 3473 1114 3512 et
1128 3463 1277 3514 Christianos
1297 3466 1449 3532 Erythraeum

334 3550 390 3591 ante
404 3556 456 3590 nos.
471 3538 502 3588 Et
516 3537 550 3587 sie
560 3537 612 3587 fieri
622 3538 757 3604 oportebat.
775 3537 832 3602 quia
844 3537 877 3587 ti·
907 3536 978 3602 vulgo
991 3537 1125 3588 dicebatur.
1143 3539 1205 3589 Hinc
1220 3539 1282 3590 nibil
1296 3542 1385 3592 mirum
1400 3560 1449 3609 prae

334 3616 400 3667 tulus
418 3615 499 3678 Λόγος
512 3614 594 3680 τρίτος
608 3612 634 3662 in
653 3611 723 3663 codd.
746 3612 813 3662 etin
836 3614 874 3662 cd.
908 3612 994 3662 ceteris
1013 3613 1147 3664 innotuisse
1165 3615 1254 3681 primos
1266 3616 1339 3668 hosce
1356 3635 1448 3677 uersus.

335 3709 384 3760 pa,
399 3700 465 3741 reete
475 3706 561 3748 necne,
574 3688 709 3756 praemissus
719 3688 797 3738 fuerat
805 3706 877 3739 exor·
908 3687 1044 3754 citatosque
1056 3690 1144 3757 passim
1158 3691 1261 3741 inveniri
1277 3692 1308 3742 ab
1321 3693 1379 3760 ipsis
1391 3711 1449 3760 geu·

336 3768 377 3818 dio
386 3765 498 3817 sectionis
509 3765 580 3830 HLS
593 3768 614 3822 t,
623 3763 663 3814 cui
674 3781 739 3814 nuuc
748 3764 878 3831 inscriptus
908 3762 992 3815 tiiibus
1004 3764 1045 3829 qui
1057 3765 1119 3831 ipsos
1133 3783 1146 3816 a
1158 3765 1246 3817 Judseis
1254 3779 1407 3836 acceperant,
1422 3781 1451 3821 ut

336 3852 425 3893 manet.
442 3843 508 3892 idem
525 3857 580 3890 vero
596 3839 678 3890 falsius
695 3839 721 3889 iu
736 3840 879 3890 Castaliouis
908 3839 1020 3890 uidelicet
1027 3840 1058 3889 ab
1066 3841 1201 3892 Alexandro
1208 3843 1449 3913 Polyhistore(Syllae

335 3927 360 3968 et
383 3916 495 3984 Opsopori
514 3915 661 3965 editionibus
684 3917 878 3965 accommodatus
910 3917 1038 3977 cooet'o)en
1046 3915 1186 3982 Abydeuiet
1195 3918 1374 3985 Eupolemiside
1384 3922 1451 3988 apud

336 3992 416 4042 iuerat
430 3993 536 4058 ejusdem
550 3990 662 4040 sectionis
672 3990 800 4057 posteriori
813 3991 877 4058 parti
910 3991 1053 4048 Eusebium,
1068 3991 1145 4059 Praep.
1162 4010 1214 4060 cap.
1232 4000 1269 4046 16.
1290 3997 1388 4062 legerat
1406 3998 1452 4048 bos

336 4077 390 4134 post
402 4083 496 4116 versum
506 4070 548 4125 62,
563 4083 636 4132 quern
650 4067 731 4115 iocum
744 4065 807 4115 uide.
820 4067 879 4116 Erat
909 4083 986 4131 eoque
1006 4067 1104 4133 respicit
1121 4069 1216 4119 Judrrus
1237 4070 1366 4121 historicus
1383 4071 1450 4122 Jose·

337 4160 395 4193 vero
416 4142 500 4192 titulus
517 4158 609 4200 novus,
625 4141 702 4191 sicubi
723 4151 876 4208 opportune,
910 4141 982 4208 plius,
1001 4143 1083 4208 bntiq.
1094 4143 1114 4202 Ι,
1125 4161 1178 4210 cap.
1191 4149 1214 4193 6.
1234 4145 1353 4196 Esnnctis
1369 4146 1451 4197 Patri·

336 4218 378 4269 bic
388 4218 553 4277 collocandus,
568 4216 640 4267 initio
649 4217 739 4283 quippe
754 4216 877 4283 Sibyliiuae
909 4217 954 4266 bus
973 4217 1030 4268 citat
1053 4217 1170 4285 primores
1186 4219 1294 4287 ipsorum
1312 4223 1449 4284 duodecim,

335 4294 432 4362 portisa
446 4293 531 4344 ceteris
539 4309 636 4359 prorsus
643 4293 750 4350 diverse,
759 4292 877 4342 omnium·
909 4311 958 4343 uno
969 4305 1077 4361 excepto,
1094 4294 1204 4362 Theoph.
1223 4298 1253 4346 ad
1267 4297 1324 4347 Aut.
1341 4297 1386 4356 ΙΙΙ,
1396 4299 1412 4364 S
1424 4302 1449 4359 2,

334 4388 392 4436 que,
403 4380 430 4420 ut
439 4386 511 4436 supra
522 4369 623 4427 dietum,
633 4368 814 4435 antiquissimus
909 4387 932 4437 p.
940 4373 997 4428 ³70,
1006 4372 1043 4420 ed.
1052 4369 1105 4419 Par.
1116 4370 1164 4421 Nee
1171 4372 1237 4421 dictu
1244 4390 1305 4439 opus
1313 4383 1348 4423 est
1358 4374 1451 4425 fontem

371 4451 412 4504 ut,
427 4462 479 4511 sqq.
491 4444 549 4494 Fuit
557 4445 604 4494 hoc
615 4443 673 4493 olim
682 4443 779 4494 initium
788 4444 877 4494 carmi·
909 4445 983 4497 totius
1000 4445 1045 4496 loci
1059 4445 1135 4512 ipsum
1148 4464 1198 4497 esse
1213 4448 1333 4508 Genesim,
1341 4466 1394 4516 cap.
1408 4454 1449 4509 11.

335 4522 373 4573 nis
390 4518 676 4577 Jirdaicoblexandsini,
689 4520 718 4569 de
732 4536 781 4586 quo
794 4537 838 4570 uos
851 4519 877 4570 in
908 4521 1065 4588 licetapoeta
1078 4522 1189 4573 uonuihil
1201 4524 1369 4576 adulteratam.
