3186 5310
351 1000 1226 1179 SIBYLLINORUM

500 1403 1093 1529 ontcuuonuu

465 1749 617 1829 LIBER
646 1749 1115 1832 TERTIUSDECIMUS.

326 2257 455 2343 Magna,
470 2256 562 2340 jubet
579 2255 664 2319 Deus
683 2254 764 2344 ipse,
783 2278 895 2319 cauum
914 2303 1088 2321 .....

328 2364 399 2451 Ipse
415 2365 501 2427 Deus
515 2377 654 2442 sanctus,
671 2364 757 2426 Deus
772 2360 975 2444 immortalis,
992 2362 1149 2427 honorem

327 2470 414 2532 Dans
427 2469 634 2556 edimeusque
650 2470 781 2532 brevem
796 2468 1017 2556 regnantibus,
1032 2485 1065 2533 et
1082 2493 1136 2534 sua
1153 2469 1266 2560 cuique

327 2577 487 2664 Tempora
502 2573 688 2664 dispensans
705 2573 777 2640 vitre
790 2575 964 2663 mortisque
980 2577 1104 2642 futurae.

284 2681 302 2744 5
327 2683 387 2746 Hic
401 2706 453 2747 mc
468 2682 629 2746 nolentem
647 2680 733 2769 cogit
747 2682 928 2770 frustraque
943 2700 1113 2769 negantem

329 2789 470 2879 Regibus
486 2787 629 2852 attonitis
645 2811 818 2877 regnorum
832 2788 958 2854 edicere
975 2789 1056 2865 fata3

330 3007 370 3069 Et
383 3006 470 3068 Mars
484 3002 579 3067 credis
593 3025 716 3088 amans,
735 3025 902 3090 perquem
916 3000 1096 3066 discrimine
1112 3003 1198 3068 nullo

329 3110 435 3173 Ambo
454 3108 581 3186 cadent,
598 3130 691 3195 pucr,
710 3130 747 3171 ac
764 3107 871 3172 senior
887 3106 942 3194 qui
959 3122 1084 3196 sceptra
1099 3109 1241 3173 tenebat.

327 3217 413 3281 Bella
432 3215 562 3297 etenim,
578 3213 679 3278 credes
695 3230 728 3277 et
741 3212 862 3278 atrocia
876 3213 984 3302 praelia
999 3232 1141 3304 surgent,

266 3347 304 3388 ιο
327 3323 454 3388 Esuries
468 3322 642 3410 pestisque,
660 3319 726 3409 poli
743 3336 898 3408 terreque
913 3337 1086 3401 tremores,

328 3427 466 3517 Assyriae
481 3428 583 3515 gentis
597 3443 667 3491 toto
684 3450 782 3515 vagus
795 3428 933 3515 impetus
946 3428 1038 3509 orbe,

328 3534 495 3600 Praednndi
508 3535 609 3618 furor,
624 3550 656 3598 ot
673 3535 799 3622 templis
814 3534 953 3599 immissa
969 3534 1072 3602 ruina.

328 3645 367 3706 Et
383 3658 458 3705 tunc
476 3640 509 3705 in
521 3640 642 3704 bellum
657 3641 773 3720 Persae,
792 3665 869 3731 gens
885 3642 1035 3723 barbare,
1056 3654 1199 3729 surgent,

239 3844 399 3910 producitur,
422 3842 483 3893 utin
503 3845 597 3906 ἐσάγει,
611 3843 681 3905 vlu,
694 3848 751 3894 325,
848 3847 874 3894 8.
892 3845 1019 3908 Νηπίαχος
1032 3843 1089 3893 satis
1103 3841 1236 3909 improprie
1247 3842 1278 3890 de
1296 3841 1357 3892 Gor·

274 3922 296 3969 1.
314 3919 390 3970 Codd.
402 3919 484 3975 divise¹
493 3919 535 3968 καὶ
543 3919 603 3986 δόρυ
612 3918 708 3984 θοῦρος.
717 3919 779 3970 Edd.
815 3919 888 3968 diano
897 3928 956 3968 natu
972 3918 1083 3978 minimo,
1096 3919 1138 3985 qui
1147 3917 1289 3968 adolescens
1299 3916 1360 3978 tuit,

239 4003 265 4044 et
278 3994 347 4044 codd.
357 4004 414 4044 aute
423 3994 470 4044 hoc
482 3993 662 4044 hemistichium
671 3995 782 4044 lacunam
815 4010 864 4043 non
878 3993 971 4054 initum
987 3995 1027 4043 scd
1039 3995 1154 4059 νηπίαχοι
1168 3991 1258 4042 alicubi
1276 3993 1358 4042 dicen·

238 4069 331 4118 nuttam
349 4069 498 4131 indicebant,
520 4086 573 4135 que
586 4079 667 4119 tamen
685 4070 782 4119 ridetur
814 4079 863 4129 tur,
878 4068 940 4127 ΧΝ,
951 4072 990 4127 tu,
1002 4070 1075 4119 etism
1087 4068 1156 4135 pueri
1167 4069 1218 4134 jem
1229 4068 1340 4134 grandes.

236 4144 293 4195 satis
313 4146 391 4212 ampla
410 4146 546 4212 complures
562 4143 667 4194 inruisse
685 4161 778 4194 versus.
851 4148 889 4194 u.
908 4143 983 4193 Codd.
995 4144 1020 4193 in
1035 4144 1083 4193 fine
1093 4145 1205 4201 ἅπαντες.

237 4216 319 4284 Regno
332 4221 398 4270 enim
408 4221 509 4281 desunt,
522 4219 605 4269 brevit
625 4220 723 4285 quidem
737 4220 779 4270 itta
848 4221 887 4269 1².
907 4219 957 4270 cu.
967 4219 1001 4278 11,
1018 4223 1058 4270 rt.

237 4310 282 4344 nec
293 4295 460 4354 desiderande,
470 4296 656 4345 Maximinorum
666 4295 779 4356 duorum,
851 4297 890 4345 1³.
909 4294 991 4343 Perses
1000 4295 1159 4361 ἀλφηστῆρας
1171 4295 1222 4344 sire
1237 4294 1362 4360 ἀλφηστὰς

238 4379 353 4435 preterea
362 4370 603 4430 MerimietBelbini,
615 4371 691 4436 fitquc
702 4370 783 4421 stetim
819 4379 898 4428 nocet,
913 4379 1029 4435 tauquam
1046 4369 1169 4429 barbaros,
1187 4369 1247 4419 [uiso
1269 4380 1365 4437 etymo,

239 4446 355 4495 transitus
367 4446 396 4496 ad
411 4445 554 4498 Gordianos.
821 4461 870 4495 uon
884 4455 911 4495 ut
923 4445 967 4496 lib.
979 4445 1023 4505 ut,
1036 4448 1099 4506 tte,
1111 4466 1123 4490 s
1134 4444 1264 4496 industrios
1274 4466 1296 4497 s.
