3186 5310
544 425 829 487 SlBYbLlNOllUlll
853 424 922 483 ΗΒ.
947 421 1010 482 1111.

313 557 477 621 Romuleae
491 557 548 622 sed
562 558 646 623 enim
661 558 747 645 genti
762 573 940 622 succrescet
955 553 1072 618 atrocis

231 660 288 745 195
313 661 475 728 Pernicies
488 665 582 745 belli,
599 689 664 755 quo
676 666 740 730 late
753 682 840 730 vasta
850 662 971 749 jacebit

314 770 448 836 Hostilia
462 771 554 837 tellus
569 772 750 841 Germania.
770 772 909 837 lllaxima
922 768 977 834 sed
991 786 1059 831 turn

315 876 464 967 Prodigia
482 879 634 944 exsistent
654 880 730 944 caelo
746 904 754 945 :
771 877 889 967 quippe
908 875 1034 966 agmina
1048 889 1114 938 tota

318 982 504 1050 Conflictata
520 986 584 1070 siti,
600 986 684 1075 regis
696 987 816 1077 pietate
833 983 986 1073 periclum
1012 1064 1023 1094 ,

319 1088 483 1178 Effugient
497 1115 504 1157 :
522 1092 578 1156 olli
593 1092 718 1158 facilem
729 1095 814 1157 Deus
826 1106 944 1155 annuet
957 1110 1079 1161 aurum,

232 1219 294 1259 200
317 1197 495 1287 Orantique
507 1198 596 1263 dabit
610 1200 734 1265 subitos
748 1199 789 1287 de
803 1196 944 1262 nubibus
959 1195 1090 1270 imbres,

320 1305 378 1366 Ast
388 1304 458 1385 ubi,
477 1328 547 1394 quae
558 1305 671 1388 cecini,
687 1302 895 1393 compleverit
911 1301 1018 1366 omnia
1030 1318 1167 1387 tempus,

321 1408 378 1473 llla
397 1409 440 1499 pii
458 1413 628 1500 magnique
643 1411 732 1477 ducis
748 1408 927 1475 veneranda
941 1423 1082 1498 potestas

321 1515 468 1598 Deficiet,
487 1517 591 1607 plenis
604 1518 637 1583 in
653 1542 687 1583 se
700 1517 897 1582 vertentibus
911 1514 1013 1580 annis.

322 1620 400 1686 Fine
415 1625 475 1688 sub
491 1641 636 1689 extremo
651 1625 736 1706 vitae,
753 1648 808 1689 sua
825 1623 959 1713 pignora
971 1620 1064 1685 terris

210 1806 216 1826 Ι
237 1726 299 1791 205
323 1728 478 1793 Ostendet
489 1730 626 1819 genitor,
645 1731 768 1820 placida
783 1747 850 1795 tum
866 1745 971 1793 morte
986 1727 1111 1792 solutus

326 1836 517 1920 Occumbet,
533 1836 615 1902 flavo
626 1837 735 1925 juveni
749 1862 805 1903 sua
819 1860 916 1924 regua
930 1834 1126 1921 relinquens,

228 2006 237 2023 ,
326 1942 464 2030 lmpleus
478 1943 532 2032 qui
547 1943 652 2032 patrio
664 1944 714 2009 bis
728 1944 826 2008 denas
844 1941 975 2007 nomine
989 1957 1107 2029 partes,

326 2048 431 2112 Natali
445 2049 580 2139 imperio
596 2050 746 2115 succedet
761 2049 867 2138 regius
882 2049 985 2112 heres.

373 2154 505 2220 Artibus
523 2155 577 2220 ille
591 2156 654 2220 suis
665 2172 754 2244 reget
767 2155 960 2243 ingenioque
974 2154 1077 2242 sagaci

242 2284 305 2323 210
329 2262 449 2324 Cuncta
468 2289 475 2325 :
492 2262 549 2327 sed
563 2261 671 2327 invicti
684 2285 735 2326 res
748 2261 908 2342 Herculis,
927 2261 1058 2324 aemulus
1075 2259 1191 2349 impar,
1269 2277 1272 2283 ’

330 2367 463 2430 Vincere
477 2367 554 2432 dum
569 2385 686 2449 certat,
702 2367 890 2458 magnisque
903 2367 1038 2432 exsultat
1053 2365 1212 2443 inarmis,

331 2473 455 2537 Venatu
468 2475 571 2539 clarus
584 2475 788 2564 domitorque
803 2473 932 2562 insignis
945 2497 1119 2562 equorum,

331 2579 423 2643 Solus
437 2597 509 2667 aget
522 2605 631 2646 secum
644 2582 772 2670 plenam
785 2580 967 2647 discrimine
981 2580 1089 2646 vitam.

333 2688 374 2748 At
390 2688 500 2754 Romae
514 2686 597 2752 cives
611 2688 666 2754 illo
683 2704 835 2776 regnante
850 2687 1005 2751 videbunt

247 2793 309 2856 215
333 2791 466 2879 Signum
482 2792 593 2882 ingens
609 2823 616 2858 ι
634 2795 760 2860 nebulis
777 2796 856 2860 urbs
873 2793 1020 2883 caligabit
1034 2792 1158 2882 opacis,

335 2902 502 2964 Astantem
517 2924 612 2964 nemo
628 2916 662 2964 ut
676 2900 826 2965 comitem
843 2900 1030 2990 dignoscere
1042 2900 1157 2989 possit.

335 3006 377 3069 Et
388 3022 463 3070 tunc
477 3006 662 3071 horrificum
678 3007 799 3071 bellum
813 3007 1030 3094 immanesque
1046 3005 1189 3087 dolores,

336 3113 444 3193 Quum
461 3135 529 3193 rex,
546 3111 646 3175 insani
662 3112 815 3200 vertigine
827 3128 936 3200 raptus
950 3111 1080 3190 amoris,

337 3217 522 3305 Virgineum
539 3234 654 3281 tenerae
672 3217 772 3305 prolis
783 3217 902 3281 violare
917 3217 1022 3281 cubile

251 3348 315 3387 220
338 3325 443 3388 Ausus
458 3324 518 3386 erit
535 3323 627 3389 foedis
644 3323 903 3412 detestandisque
918 3322 1105 3412 hymenaeis.
1136 3305 1139 3311 Ι

339 3429 432 3493 Solus
447 3429 565 3494 abhinc
579 3454 676 3494 vacua
691 3454 825 3495 maerens
836 3454 892 3494 rex
908 3453 1043 3518 magnus
1057 3428 1090 3493 in
1104 3428 1188 3509 aula,

261 3576 264 3583 ,
341 3534 523 3600 Vindictam
534 3536 703 3617 meditans,
717 3537 811 3601 cadet
823 3537 906 3600 inter
919 3537 1033 3601 balnea
1047 3558 1161 3619 caesus3

342 3644 410 3706 Rex
423 3641 584 3707 homicida
601 3644 707 3725 cadet,
726 3645 791 3708 fato
803 3643 930 3709 delusus
944 3643 1067 3732 iniquo.

386 3749 468 3810 Tum
482 3747 561 3812 scito
575 3751 687 3813 llomae
698 3772 832 3837 magnos
844 3749 962 3813 instare
982 3747 1136 3813 tumultus

256 3937 356 3998 modus,
372 3936 441 4001 eujus
453 3951 529 4001 graece
540 3937 611 3987 litera
623 3939 656 4001 K,
667 3953 782 3987 numanis
795 3940 836 3987 20.
849 3966 882 3974 —
894 3940 953 4001 221,
974 3954 1027 4002 sqq.
1043 3937 1124 3986 Romae
1134 3936 1217 3986 civiles
1230 3946 1310 3986 motus
1322 3945 1377 4002 post

256 4020 401 4071 exstinetam
417 4021 598 4071 Antoninorum
611 4021 725 4089 stirpem,
744 4038 831 4089 nempe
842 4024 1008 4090 [supputante
1022 4022 1124 4086 Nostro]
1146 4031 1201 4088 post
1219 4021 1377 4087 imperatores

292 4192 351 4243 209.
369 4193 408 4244 An
421 4192 536 4258 σχήσειν,
550 4202 670 4258 utsupra,
698 4194 756 4263 121,
777 4202 802 4243 et
869 4197 926 4244 221.
945 4194 1021 4243 Codd.
1040 4193 1147 4256 οὖλαμος
1159 4191 1219 4255 (sic)
1236 4207 1299 4240 :nos
1314 4205 1380 4240 corr.

259 4266 326 4317 alibi.
835 4289 865 4323 ex
884 4270 1005 4337 hesychio
1024 4269 1060 4318 bis
1079 4268 1185 4319 habente
1203 4265 1304 4333 οὖλιμος
1325 4266 1379 4317 ὀλί-

295 4345 351 4393 212.
365 4342 801 4408 llai.suvn·slatot:llon.cod.utnos
835 4351 900 4416 θριος
917 4357 941 4396 et
955 4347 1062 4409 οὐλίμων
1081 4344 1205 4409 ὀλεθρίων.

295 4431 351 4477 213.
371 4427 447 4477 Codd.
460 4430 539 4478 οῐοθεν
556 4422 608 4485 olas
619 4428 688 4492 (sie).
870 4428 928 4475 222.
948 4423 1024 4473 Codd.
1036 4422 1101 4471 κακὰ
1116 4421 1234 4486 χώσεται.

297 4509 354 4557 att.
372 4506 449 4556 Codd.
464 4505 570 4569 πόλεμόν
586 4523 613 4555 τι
623 4521 630 4558 :
640 4520 702 4556 corr.
713 4503 803 4555 Friedl.
872 4503 929 4550 2²4.
950 4496 1027 4548 Codd.
1041 4496 1139 4562 θρόνον,
1152 4493 1195 4545 ubi
1209 4508 1253 4544 nos
1265 4492 1361 4560 χρόνον.
1384 4501 1385 4506 ’
