3186 5310
499 441 779 507 stuvtttttontttt
804 441 876 507 LIB.
904 440 940 503 ll.

248 581 289 645 Et
303 579 449 658 miseros,
464 602 630 667 nunquam
643 576 818 667 frangenda
835 574 990 665 compede
1005 572 1140 653 vinctos,

160 709 224 774 290
248 685 360 774 lgnitis
376 683 484 774 flagris
497 683 765 774 inflammatisque
777 681 898 750 catenis

247 794 461 882 Torquebunt
477 820 488 877 ε,
499 816 581 882 quos
598 809 689 857 antra
706 790 822 857 debinc
840 790 901 856 sub
919 785 1018 878 opaca
1036 784 1198 853 Gebennae

246 898 408 964 Tartareis
425 898 576 964 monstris
585 898 792 980 immanibus,
804 894 982 986 impacatis,

247 1005 401 1092 Objectos
415 1006 554 1088 tradent,
573 1005 629 1071 uhi
646 1029 711 1070 nox
726 1005 895 1069 tenebrosa
912 1016 1079 1093 perennat.

292 1115 396 1201 Atque
408 1111 471 1178 illio
483 1112 572 1179 saevis
584 1129 673 1178 actos
686 1109 879 1177 cruciatibus
897 1132 1020 1190 omues,
1107 1170 1110 1175 .

158 1218 221 1307 295
246 1220 396 1303 Quorum
408 1243 498 1284 meus
512 1242 672 1310 perversa,
685 1218 784 1306 viros,
798 1234 870 1283 rota
884 1213 1031 1282 flammea
1043 1213 1147 1306 cinget

246 1325 398 1394 Ardentis
415 1325 512 1407 fluvii,
534 1327 667 1392 torrenti
682 1347 811 1391 carcere
824 1347 950 1414 semper
1017 1388 1023 1401 ,

246 1433 404 1516 lnclusos,
417 1433 552 1523 vitaeque
563 1433 689 1499 luentes
703 1432 787 1498 sacta
802 1430 933 1522 prioris.
1017 1490 1020 1495 .

247 1541 288 1606 Et
301 1557 378 1607 tunc
395 1540 524 1623 diversi,
542 1540 629 1608 dictu
645 1538 840 1622 miserabile,
859 1536 982 1604 flebunt
1052 1545 1054 1551 “

246 1647 358 1712 Patres
372 1662 405 1712 et
416 1648 519 1738 pueri,
540 1665 670 1730 matres,
692 1645 924 1736 lacrimosaque
942 1661 1083 1710 matrum

158 1753 222 1817 300
245 1752 385 1842 Pignora
399 1756 459 1821 sub
479 1755 627 1821 mammis
641 1782 649 1831 ς
664 1778 725 1820 nec
739 1753 800 1819 erit
812 1754 929 1819 modus
944 1753 1028 1819 ullus
1041 1750 1140 1816 amari

246 1860 392 1925 Ploratus
406 1889 414 1938 3
429 1885 489 1926 nec
504 1861 672 1951 quisquam
687 1860 802 1927 aliasve
818 1884 930 1926 suasve
945 1859 1091 1951 querelas

246 1966 428 2058 Distinguet
439 1968 545 2033 sonitu
555 1991 565 2054 ;
576 1993 689 2035 verum
699 1971 864 2035 subnecte
874 1966 1049 2058 profunde,

246 2075 355 2156 Tetra,
374 2091 525 2157 tunarea,
543 2073 673 2141 stimulo
692 2092 861 2166 torquente
875 2072 1007 2161 doloris,

246 2181 453 2247 Confundent
467 2181 637 2263 ululatum,
656 2182 733 2247 etin
746 2182 807 2248 atri
820 2181 895 2248 sede
914 2178 1058 2246 barathri

158 2285 220 2353 305
245 2289 310 2352 Ter
322 2304 447 2352 tantum
461 2289 599 2369 solvent,
616 2305 770 2378 quantum
783 2289 888 2354 fecere
900 2287 1072 2369 malorum,

250 2393 386 2460 Acribus
399 2395 521 2462 addicti
534 2393 684 2462 [lammis.
701 2398 785 2462 Turn
799 2394 950 2461 dentibus
962 2416 1074 2460 omnes

246 2500 446 2584 Stridebnnt,
464 2520 598 2592 urgente
612 2502 676 2587 siti,
693 2501 874 2593 rabidoque
888 2501 1013 2586 dolore,

245 2609 286 2673 Et
301 2626 441 2675 mortem
457 2612 615 2699 optabunt
631 2638 638 2676 ι
656 2601 758 2700 fugiet
774 2633 862 2675 mors
877 2608 946 2700 ipss
959 2626 1123 2676 vocantes.

246 2714 363 2782 Mortis
375 2716 462 2783 enim
476 2741 542 2784 non
550 2719 618 2805 jam
631 2717 788 2810 requiem,
801 2740 867 2782 non
882 2714 987 2782 noctis
1001 2715 1179 2784 habebunt.

155 2820 220 2886 310
244 2823 347 2888 Multa
362 2824 495 2914 quidem
511 2825 629 2891 frustra
642 2824 784 2916 supremi
800 2823 931 2891 numina
942 2823 1027 2914 regis

243 2930 411 3008 Orabunt;
432 2931 490 2997 sed
508 2948 581 2997 vota
596 2933 702 3022 palam
714 2931 913 2998 aversabitur
926 2932 1023 2997 ultor.

244 3035 388 3126 [Septem
403 3037 522 3128 quippe
532 3039 607 3105 viris
621 3039 781 3106 mutaudoe
795 3024 907 3105 saecula
924 3036 996 3103 vitae

245 3142 413 3208 Addiderit
428 3145 581 3227 clemens,
595 3163 703 3211 motus
718 3169 813 3236 prece
828 3143 968 3234 Virginis
982 3144 1102 3233 almae.]

287 3251 345 3314 Ast
363 3249 443 3317 alios
453 3251 508 3341 qui
517 3253 569 3338 jus
585 3276 713 3342 aequum
728 3252 856 3317 coluere
868 3252 1068 3341 bonumque,

155 3355 218 3422 315
245 3355 345 3440 Queis
361 3355 463 3447 pietas
477 3375 510 3423 et
525 3382 615 3425 mens
632 3381 760 3448 semper
772 3349 835 3423 'fuit
849 3357 971 3447 optima
987 3357 1091 3439 cordi,

243 3462 366 3528 Sublati
380 3463 531 3552 angelicis
550 3465 710 3548 manibus,
730 3488 790 3556 per
803 3463 922 3529 flumen
936 3481 1071 3554 agentur

245 3569 398 3660 Ignitum,
416 3571 534 3635 claram
551 3571 592 3636 ad
608 3571 715 3637 lucem
736 3571 898 3662 vitamque
912 3570 1065 3662 quietam,
1166 3592 1169 3599 ·

245 3676 439 3743 Immortalis
451 3677 507 3742 ubi
523 3677 607 3743 lucet
621 3677 671 3742 via
688 3678 838 3744 Numinis
859 3677 947 3760 almi,

242 3782 399 3848 Fontibus
418 3799 450 3847 et
471 3783 562 3850 trinis
578 3803 710 3850 manant
731 3786 791 3867 lac,
813 3785 908 3851 mella
923 3761 1126 3874 merumque.

154 3886 219 3954 320
242 3890 343 3955 Terra
361 3907 468 3955 autem
485 3891 607 3958 cunctis
622 3916 713 3983 aeque
728 3916 891 3975 concessa,
905 3889 1099 3982 nequeullis

241 3996 411 4063 Limitibus
428 3996 542 4081 divisa,
559 3998 643 4065 feret
656 4016 725 4066 turn
738 4000 873 4091 prodiga
888 4000 1009 4066 fructus

187 4264 244 4313 3110.
262 4261 341 4312 Codd.
354 4262 455 4329 quidam
469 4262 589 4314 inversus
600 4264 649 4317 ssus
657 4283 701 4328 νη·
769 4269 890 4318 3011-313.
915 4265 962 4316 Sex
985 4279 1069 4314 verriu
1082 4278 1112 4315 ex
1125 4260 1182 4314 vul
1194 4295 1203 4324 ‚
1218 4264 1281 4322 ³53,

152 4336 342 4464 inlatas-Md.
352 4414 482 4480 δευόμενοι
493 4437 498 4469 :
508 4419 552 4469 cfr.
564 4433 647 4484 supra,
660 4419 700 4478 ts,
733 4359 827 4483 “lg-¹2,
838 4434 874 4485 sq.
887 4417 939 4467 Cir.
953 4415 1018 4479 Vlll,
1030 4419 1089 4479 351,
1098 4431 1135 4481 sq.
1147 4423 1171 4467 et
1182 4415 1216 4467 ibi
1226 4426 1280 4468 not.

153 4498 179 4539 et
190 4486 256 4548 Vlll,
271 4491 331 4550 350,
347 4490 412 4542 uude
425 4491 477 4544 brac
494 4495 551 4564 ipsis
564 4509 632 4562 pene
646 4492 701 4544 lite·
768 4498 826 4544 tls.
845 4494 881 4544 Ex
895 4493 960 4555 vltt,
974 4496 1032 4544 211.

154 4565 188 4615 ris
200 4564 337 4632 desumpti.
767 4573 828 4633 330,
843 4586 878 4637 sq.
894 4570 929 4622 ss
942 4568 1007 4630 11111,
1023 4573 1082 4629 209,
1097 4583 1135 4635 sq.
