3186 5310
209 417 259 462 xvt
657 395 866 455 PRAEFt‘rtu.

209 555 282 621 cap.
300 556 352 620 17,
369 556 398 596 v.
419 555 469 607 12,
486 554 556 619 sqq.
573 556 580 593 z
595 552 692 618 quare
706 528 829 592 nullum
839 551 876 591 ex
890 526 942 591 illa
958 528 1144 616 metaphora
1159 529 1208 595 vel
1225 554 1317 621 argu·

208 655 352 703 mentum
368 637 415 702 rel
428 634 581 699 indicium
595 633 676 699 sumi
689 651 804 723 potest.
820 633 937 722 Utique
952 651 1023 722 post
1043 633 1216 725 Epiphanis
1229 662 1319 702 mor-

209 761 287 828 tem,
307 745 391 810 bisa
415 761 509 834 poeta
536 743 694 807 incertum
717 766 774 806 cur
792 758 1013 823 memoratam,
1033 741 1154 826 statim,
1176 743 1202 808 si
1221 743 1318 809 docto

208 831 284 918 viro*
295 853 386 931 fides,
406 852 480 918 Eala
498 850 658 916 inducitur
669 851 732 915 hoe
744 873 848 926 versu,
864 849 927 936 397
945 877 952 913 :

298 966 403 1050 Atque
417 982 533 1024 novam
548 958 689 1048 plantam
700 956 791 1036 denis
807 981 824 1021 e
838 957 988 1022 cornibus
1002 956 1087 1040 edet,

208 1066 388 1157 iterumque
408 1069 470 1132 hoc
490 1064 705 1148 hemistichio,
723 1069 809 1143 duo:

450 1173 613 1238 Adustum
627 1170 773 1260 regnabit
792 1171 929 1261 denique
952 1195 1072 1239 cornu„

208 1282 271 1348 Sed
287 1281 494 1347 intermedius
519 1302 627 1344 versus
648 1279 725 1366 399,
743 1297 922 1370 corruptus,
945 1297 979 1345 ut
1002 1280 1117 1367 cuique
1132 1297 1232 1368 patet,
1258 1281 1319 1345 mi·

207 1388 357 1478 nimeque
376 1387 606 1477 expediendus,
635 1384 802 1474 interpreti
826 1387 940 1451 miram
966 1387 1105 1477 suggerit
1128 1385 1320 1475 imaginandi

208 1496 344 1585 copiam.
372 1495 456 1560 Nam
483 1518 582 1583 quum
607 1516 717 1557 versus
748 1493 819 1575 iste,
856 1493 956 1582 qualis
990 1493 1153 1558 mutilatus
1186 1492 1219 1557 in
1250 1518 1321 1559 ma-

207 1602 377 1692 nuscriptis
405 1601 531 1692 legitur,
559 1600 599 1665 ad
625 1600 751 1665 literam
783 1600 826 1665 ita
857 1602 896 1665 sit
927 1624 966 1664 ex
995 1623 1098 1688 graeco
1128 1600 1160 1664 in
1187 1600 1321 1668 latinum

207 1709 445 1775 transferendus
474 1732 481 1774 :
512 1741 526 1766 «ι
550 1710 590 1773 Et
608 1707 674 1796 ipse
699 1706 818 1790 afiliis,
842 1732 963 1797 qnos...
990 1707 1176 1798 (sequuntur
1200 1710 1322 1797 aliquot

207 1817 352 1881 barbarae
378 1816 493 1905 voces)
520 1815 779 1906 pessumdabitur
806 1848 839 1897 ν,
868 1817 935 1880 vult
959 1816 1109 1881 Ewaldus
1138 1817 1201 1882 hoc
1228 1840 1321 1882 versu

153 1981 155 1984 .
208 1922 376 2011 significari
393 1923 520 2004 Balam,
550 1954 564 1980 «ι
585 1947 601 1986 a
626 1922 699 1987 filiis
718 1954 748 2005 n,
771 1922 802 1987 id
827 1940 886 2003 cst,
909 1942 1105 2013 repugnante
1124 1925 1199 1990 licet
1214 1948 1322 2013 graecae

207 2031 322 2120 linguae
338 2055 409 2110 usu,
427 2032 467 2095 ab
482 2030 738 2096 adolescentibus
755 2029 957 2119 quibusdam,
970 2032 1034 2096 sive
1049 2049 1084 2095 ut
1099 2031 1167 2121 ipse
1181 2031 1288 2118 vertit,
1304 2056 1321 2097 a

204 2139 371 2225 juvenibus
383 2138 591 2204 bellatoribus
603 2137 759 2204 intrusum
772 2139 804 2202 in
815 2137 1047 2228 Syriaesolium‚
1061 2139 1231 2205 bellatores
1243 2139 1321 2205 istos

208 2269 297 2334 reges
317 2269 386 2311 esse
407 2246 527 2311 docens
548 2269 607 2334 pro
628 2247 711 2310 Balae
729 2268 822 2310 causa
844 2244 1014 2309 foederatos
1038 2275 1045 2309 :
1067 2245 1214 2335 intelligit
1229 2270 1318 2330 vero,

172 2379 175 2385 ·
208 2367 242 2415 ut
263 2353 390 2441 opinor,
412 2368 529 2441 praeter
551 2351 804 2419 philometorem
827 2351 1023 2440 praecipuum
1045 2352 1121 2416 belli
1142 2369 1337 2432 auctorem,

208 2457 354 2545 Pergami
373 2474 405 2522 et
426 2457 635 2548 Cappadociae
657 2480 760 2545 reges,
784 2456 838 2545 qui
862 2473 969 2522 tamen
998 2459 1080 2522 Balte
1100 2482 1165 2523 non
1185 2461 1321 2525 multum

207 2564 276 2654 opis
300 2565 493 2648 attulerunt,
520 2566 617 2629 ambo
647 2563 756 2652 utique
783 2586 982 2652 nequaquam
1005 2565 1175 2651 juvenibus
1198 2566 1321 2632 assimi-

207 2671 305 2755 landi,
323 2689 359 2737 ut
375 2695 433 2737 nec
448 2671 514 2761 ipse
534 2671 744 2748 Philometor,
767 2669 821 2758 qui
836 2686 904 2735 tum
924 2672 1036 2736 saltem
1052 2663 1321 2762 quadragenarius

207 2794 284 2841 erat.
300 2780 457 2843 Praeterea
473 2802 540 2843 non
556 2778 704 2867 explanat
722 2778 877 2866 interpres
891 2779 1055 2867 quomodo
1067 2780 1118 2844 vel
1136 2803 1196 2870 qua
1217 2796 1321 2845 textus
1358 2867 1361 2872 ⁴

207 2883 430 2950 emendatione
449 2908 588 2974 graecum
612 2886 746 2949 verbum
764 2886 852 2974 quod
867 2885 965 2951 latine
989 2918 1002 2942 α
1029 2885 1284 2974 pessumdabitur
1304 2917 1316 2944 a

207 3008 317 3072 sonat,
344 2991 375 3055 iu
403 2993 600 3057 contrarium
628 3008 756 3080 repente
785 3015 912 3056 sensum
939 3010 1089 3058 vertatur.
1118 2993 1181 3058 Sed
1209 3017 1250 3058 ne
1276 2994 1322 3058 sic

207 3098 338 3189 quidem
360 3099 470 3164 satisfit
489 3098 663 3165 doctissimi
685 3099 743 3162 viri
760 3101 962 3185 conjecturis.
989 3101 1073 3165 Nam
1095 3124 1194 3190 quum
1211 3101 1319 3166 Balam

206 3223 280 3295 post
310 3229 411 3272 annos
442 3205 581 3295 quinque
609 3204 689 3269 solio
722 3204 876 3271 excidisse
910 3223 1032 3272 eertum
1065 3206 1122 3284 sit3
1158 3230 1321 3297 quumque

207 3310 389 3402 interpretis
405 3302 542 3377 multum
556 3312 685 3394 referat,
702 3313 745 3375 ob
760 3334 812 3377 eas
830 3336 901 3402 quae
916 3338 1011 3404 supra
1025 3313 1118 3380 dictae
1135 3330 1207 3379 sunt
1223 3316 1321 3379 ratio·

206 3443 274 3498 nes,
295 3418 451 3509 Sibyllina
465 3420 532 3483 haec
549 3416 695 3482 vaticinia
713 3419 871 3507 posterius
884 3419 968 3485 edita
980 3420 1113 3496 censeri,
1129 3441 1234 3507 neque
1248 3436 1320 3483 ante

206 3542 342 3592 tentatas
371 3550 389 3589 a
416 3524 570 3591 Gracchis
588 3522 760 3589 seditiones
784 3525 873 3590 annis
902 3526 1059 3602 133-123‚
1086 3539 1237 3612 prorogat
1253 3524 1320 3613 ipse

205 3631 347 3721 spuriam
362 3631 445 3696 Balae
458 3631 602 3721 stirpem,
617 3654 762 3720 eamque,
774 3631 926 3721 neglectis
939 3648 1119 3719 temporum
1131 3627 1316 3707 intervallis,
1345 3648 1346 3652 ’

206 3765 281 3807 eum
294 3740 425 3804 alterius
443 3737 628 3828 impostoris
647 3738 773 3804 Zebinae
790 3763 855 3803 non
872 3737 974 3801 minus
998 3736 1103 3826 spuria
1120 3735 1218 3827 stirpe
1242 3760 1319 3802 con-

176 3866 180 3873 '
201 3846 308 3937 jungit
334 3864 429 3936 atque
455 3845 630 3928 continuat,
656 3845 699 3911 ita
725 3829 784 3911 nec
809 3843 877 3910 sine
905 3844 1016 3909 labore
1044 3861 1253 3932 perventurus
1278 3843 1318 3909 ad
1389 3833 1390 3836 ¹

205 3979 323 4021 annum
345 3960 422 4035 rad,
440 3977 537 4043 quem
550 3953 600 4018 his
617 3952 811 4017 carminibus
827 3953 976 4041 assignat.
995 3952 1070 4016 Haec
1086 3952 1191 4017 omnia
1207 3975 1321 4017 vereor

206 4085 246 4126 ne
263 4062 314 4127 cni
331 4060 490 4152 ingeniosa
514 4061 615 4151 magis
631 4084 728 4150 quam
745 4061 889 4150 speciosa
905 4063 1098 4127 videantur·

249 4169 308 4236 His
328 4188 435 4236 tamen
461 4168 633 4259 acquiescit
653 4168 700 4232 vir
721 4166 837 4250 clarus,
858 4190 955 4257 quem
985 4167 1123 4233 latemur
1150 4165 1202 4230 vix
1228 4167 1320 4231 aliter

204 4278 269 4345 suis
297 4303 331 4345 se
359 4277 509 4369 expedire
531 4300 626 4367 posse
651 4274 829 4364 angustiis:
855 4275 899 4338 ita
926 4275 1038 4341 falsam
1062 4277 1145 4340 viam
1171 4274 1319 4363 ingressis

203 4411 360 4478 nusquam
376 4388 452 4452 licet
464 4386 496 4450 in
511 4409 585 4450 vero
604 4385 791 4467 consistere.
804 4382 950 4448 Atnobis
962 4383 1016 4473 qui
1033 4381 1207 4470 Sibyllinos
1222 4380 1320 4446 hosce

202 4496 303 4562 libros
320 4494 380 4560 sub
405 4491 652 4582 imperatoribus
676 4489 829 4557 Romanis
851 4489 1035 4580 etquidem
1061 4488 1121 4553 sub
1149 4487 1320 4553 Antoninis
