3186 5310
633 422 685 480 AD
705 420 851 482 LIBRUM
873 420 922 480 Ill.
1110 441 1112 444 ⁴
1288 416 1349 478 359

231 554 306 612 toque
330 548 403 615 magis
426 560 552 616 postquam
572 569 634 602 nora
654 553 778 620 expeditio
805 553 963 619 hujussensu
978 550 1105 601 aeluserit
1125 549 1253 616 ambigere.
1275 550 1351 615 Atqui

232 621 372 676 interventu
400 624 565 677 Romanorum
592 628 708 680 frustrata
740 637 779 679 est
804 634 863 693 νηόν
883 632 954 681 illum
970 630 1150 681 observabimus
1170 631 1282 680 eumdem
1300 645 1351 679 ease

232 713 298 749 anno
313 701 371 763 168,
388 699 414 749 in
428 701 490 760 illas,
509 718 571 767 quas
585 719 669 754 omnes
688 703 777 763 sciunt,
805 708 847 773 qui
859 717 913 773 post
923 706 1089 774 captivitatem
1100 705 1271 772 babylonicam
1282 704 1352 754 resti·

231 772 307 825 lurias
314 776 411 837 exarsit,
424 777 516 828 violato
530 778 705 845 prolauatoque
715 789 777 830 tem·
805 791 873 833 tutus
886 782 1020 833 canebatur
1028 798 1112 847 supra,
1127 784 1185 844 290,
1206 796 1271 846 sqqt
1286 781 1351 830 idem

231 850 289 915 plo,
305 849 407 901 intrusis
420 851 446 901 in
457 863 546 903 sancte
558 854 616 919 legis
629 854 707 905 ricem
719 871 778 920 gen·
804 857 848 922 qui
858 851 929 914 οἶκος
941 859 1057 925 μεγάλοιο
1069 855 1146 914 θεοῦ,
1158 860 1216 918 lit,
1227 872 1280 921 sqq.
1292 855 1350 917 Qui,

230 923 317 976 tilibus
335 925 425 990 moris,
448 943 502 992 quse
528 928 672 990 llachabnis
694 939 779 997 aperte
804 933 926 982 dumhec
939 932 1117 990 scribebantur,
1128 931 1159 981 ah
1169 930 1291 980 Antiocho
1300 930 1353 980 rio·

231 1000 366 1052 rebellandi
386 1018 458 1052 causa
473 1002 528 1054 luit.
543 1002 605 1055 Nam
618 1015 690 1056 antea
703 1006 778 1071 Syro·
804 1008 1084 1074 latruprolanatusque,
1098 1016 1250 1072 poatearero
1265 1021 1355 1072 purga·

231 1092 287 1127 rum
304 1086 370 1127 metu
392 1078 563 1130 continebatur
580 1080 719 1131 Judreorum
740 1081 779 1130 in·
805 1093 844 1133 tus
856 1099 871 1133 a
885 1082 1043 1141 llachahaeis,
1058 1091 1209 1149 perstaturus
1220 1091 1273 1131 erat
1284 1080 1355 1131 inco·

231 1150 354 1217 dignatio:
368 1152 469 1203 minime
475 1163 558 1205 autem
566 1155 670 1206 dubium
683 1158 779 1221 estjam
803 1158 876 1208 lumis
895 1159 927 1207 ad
943 1157 1081 1224 Vespasiani
1098 1166 1218 1222 tempora,
1233 1171 1355 1222 quemque

231 1227 264 1277 ab
282 1243 347 1278 anno
363 1231 410 1279 lto
424 1229 570 1280 seditionum
590 1231 681 1281 semina
696 1232 721 1282 in
735 1232 779 1282 iu·
804 1249 946 1283 mansurum
960 1232 1037 1282 iudei
1050 1233 1093 1282 diu
1106 1241 1263 1299 speraverant
1275 1247 1354 1296 usquc

231 1302 283 1354 dara
302 1301 457 1364 intumuisse3
479 1321 611 1371 secureque
628 1307 686 1358 addi
700 1316 780 1374 potest
804 1307 835 1359 ad
856 1307 946 1358 blessiae
966 1307 1108 1366 adrentum,
1123 1323 1173 1373 quo
1191 1315 1309 1372 regnanto
1322 1306 1354 1356 ad

233 1377 385 1429 Alexandria
398 1380 488 1430 multos
499 1380 637 1433 iudeorum
649 1385 781 1450 (parserat
804 1381 870 1433 idem
882 1382 943 1433 illud
954 1383 1086 1433 morarium
1097 1391 1212 1432 venturas
1224 1381 1270 1431 sihi
1279 1381 1355 1447 linge-

232 1453 285 1503 hnc
293 1453 416 1505 immensae
429 1454 534 1506 civitatis
546 1457 596 1507 iere
606 1459 703 1522 tertia),
712 1460 780 1524 jure·
805 1459 865 1509 hant
877 1474 961 1509 omnes
973 1467 1056 1525 gentes
1064 1467 1089 1509 et
1098 1456 1161 1508 dona
1171 1472 1288 1522 ucraque
1295 1457 1357 1506 alla-

232 1543 276 1579 ues
284 1531 416 1596 pmcipue,
429 1531 514 1582 auxilii
525 1533 575 1583 suia
583 1533 677 1584 ferendi
698 1551 779 1593 musa,
806 1542 887 1592 turns,
902 1535 951 1584 loc.
965 1549 1037 1600 supra
1047 1533 1092 1583 cit.
1101 1532 1136 1582 lic
1146 1532 1215 1582 nullo
1226 1532 1293 1582 enim
1305 1531 1355 1581 alio

232 1619 325 1670 pronos
338 1605 365 1654 in
375 1616 493 1657 armatam
503 1607 687 1674 emigrationem
697 1609 779 1660 luisse.
805 1610 897 1674 templo
907 1608 1012 1674 legitime
1021 1607 1059 1673 agi
1068 1616 1174 1675 poterat,
1182 1606 1299 1673 quamdiu
1307 1606 1356 1657 hoc

232 1678 292 1742 llos,
306 1696 368 1746 egre
387 1680 461 1741 licet,
480 1683 661 1750 compescebat,
681 1695 782 1751 propter
807 1700 857 1734 non
872 1684 918 1735 luit
932 1702 947 1734 n
960 1683 1076 1734 Romanis
1089 1698 1209 1734 euersum.

232 1753 323 1805 loerlera
334 1771 391 1805 cum
403 1756 526 1808 Antiocho
544 1759 683 1810 discedente
696 1770 780 1826 pacta,
842 1762 900 1820 tst,
912 1775 965 1826 sqq.
981 1759 1029 1809 llas
1042 1759 1119 1809 utatis
1132 1758 1257 1824 cujusdam
1273 1774 1354 1809 aureas

231 1826 418 1881 Ptolemaeorum
437 1833 544 1898 prudens
562 1834 700 1885 eonsilium.
723 1834 781 1897 eras
806 1834 996 1899 descriptiones,
1017 1833 1075 1883 ieris
1094 1834 1152 1900 ipsis
1170 1832 1356 1892 mansuefactis,

231 1905 323 1968 omnia,
330 1920 469 1971 quanquam
477 1908 556 1958 verbis
567 1910 690 1969 involutis,
697 1920 782 1976 aperte
806 1909 874 1973 agnis
883 1909 949 1958 inter
960 1909 1031 1975 lupos
1043 1907 1194 1966 salientibus,
1210 1918 1270 1969 etc..
1283 1925 1356 1975 aper·

231 1979 291 2031 satis
303 1996 425 2048 exponere
444 1984 515 2033 nohis
532 1985 630 2036 ridetur
648 1985 782 2051 sibyllinus
806 1993 860 2034 tum
877 1993 913 2034 est
932 2000 946 2033 e
966 1983 1040 2033 sacris
1060 1982 1199 2049 prophetiis
1216 1984 1356 2050 desumptas

231 2054 274 2106 hic
284 2056 360 2107 locus.
371 2057 440 2108 Hanc
449 2075 507 2109 sero
516 2061 662 2111 sententiam
673 2070 781 2111 nostram
806 2074 865 2119 esse,
882 2058 937 2108 lsai·
952 2073 1007 2125 cap.
1026 2061 1070 2119 ll,
1086 2074 1110 2108 r.
1126 2073 1180 2123 sqq.
1194 2059 1215 2107 Ε
1230 2057 1356 2125 Sibyllinis

233 2129 345 2182 Erraldus
358 2148 403 2183 nec
418 2142 493 2183 totam
508 2135 645 2201 repudiarit
660 2151 706 2185 nec
717 2135 781 2186 inte·
805 2142 888 2183 autern
907 2132 1008 2196 nostris,
1021 2132 1103 2198 qualia
1120 2131 1200 2198 primo
1213 2142 1268 2199 post
1281 2133 1353 2184 Chri·

231 2221 300 2270 gram
316 2207 394 2258 soluit
407 2209 537 2260 admittere
550 2226 556 2260 ε
570 2211 613 2260 sed
627 2208 697 2261 finxit
713 2210 781 2275 (llis-
805 2217 871 2258 stum
887 2208 976 2258 seculo
1001 2207 1158 2274 legebantur,
1180 2206 1294 2259 transisse
1312 2208 1356 2260 has

232 2291 290 2332 sert
306 2298 362 2349 pag.
376 2286 422 2346 21)
434 2283 586 2351 Physconem
602 2287 647 2336 suh
660 2295 781 2336 extremos
806 2283 981 2349 descriptiones
1003 2283 1030 2333 in
1050 2292 1163 2349 quartam
1179 2282 1274 2348 Virgilii
1290 2286 1355 2336 eclo-

232 2358 301 2424 regni
315 2357 353 2408 sui
366 2374 444 2408 annos
452 2360 483 2410 ad
494 2360 585 2411 bellum
594 2361 707 2426 Hyrcano
716 2360 780 2411 inle·
805 2373 872 2422 gam,
897 2375 924 2410 V·
951 2352 999 2421 2¹¹2
1027 2374 1081 2423 “lll-
1107 2356 1180 2407 mum
1206 2367 1354 2423 l'lstflffllnt

232 2428 779 2497 mdumiotuismotisextudeis,videticet
804 2432 926 2498 hodieque
948 2442 1044 2500 putant.
1060 2435 1097 2484 lta
1120 2441 1188 2483 certe
1206 2433 1354 2485 existimavit

233 2506 347 2574 Hyrcano
362 2510 559 2572 adversantibus,
573 2512 706 2561 exercitum
721 2527 781 2561 con·
804 2507 958 2566 iactatibus,
973 2507 1032 2568 Vll,
1041 2511 1083 2566 24,
1097 2507 1161 2574 ipsm
1172 2524 1261 2573 graecm
1270 2524 1355 2560 versus

231 2582 292 2633 llare
307 2583 371 2648 (hoc
389 2585 489 2650 quidem
499 2586 538 2635 vir
551 2587 636 2636 doctus
648 2587 718 2636 nullo
730 2586 779 2636 alio
805 2599 861 2633 cum
879 2583 961 2633 latinis
980 2598 1139 2650 comparum
1159 2594 1184 2634 et
1205 2583 1270 2634 idem
1289 2585 1355 2636 arbi-

233 2673 309 2722 qoam
320 2675 346 2709 se
359 2663 474 2725 auctore)
485 2678 490 2711 :
500 2679 515 2712 a
526 2677 576 2727 quo
588 2663 701 2721 consilio,
713 2661 734 2711 si
745 2662 780 2712 ei·
804 2668 883 2710 tratus
896 2669 946 2721 est,
960 2659 1070 2725 quisquis
1086 2657 1114 2708 iu
1127 2658 1281 2709 Constantini
1294 2659 1354 2728 imp.

232 2732 780 2804 demdoctohdeaffigyptioseorumveregem
805 2733 1356 2800 OrationeadSanct.,qutegrncarcraaintcr

232 2817 336 2859 conatur
359 2821 469 2862 avertere
485 2811 624 2878 Sibyllina,
644 2821 729 2863 vetans
745 2823 780 2863 ta·
804 2808 941 2861 Eusebiana
955 2809 1058 2875 legitur,
1069 2819 1224 2874 totampmss
1240 2820 1354 2875 quartam

232 2882 653 2938 lem‘exercituminludaeammitti:
666 2886 778 2953 ideoque,
805 2885 911 2951 eclogam
918 2886 1001 2951 grecis
1012 2886 1121 2936 numeris
1130 2885 1227 2944 extulit,
1235 2894 1353 2952 tanquam
1394 2926 1398 2953 ,

232 2957 275 3008 ubi
292 2967 373 3011 textam
392 2963 488 3013 στεῖλαν
504 2965 533 3023 δή
549 2963 639 3021 habet,
657 2962 714 3028 legit
728 2963 780 3030 ipae
804 2961 940 3018 detlhristo
950 2967 1064 3009 nascente
1071 2961 1264 3026 scriptam‚crrm
1271 2962 1354 3029 inepta

232 3035 329 3085 στεῑλον
351 3039 394 3100 μή,
414 3037 525 3088 videlicet
538 3054 583 3103 pro
597 3041 630 3101 μή
643 3040 727 3088 sauss
741 3038 779 3088 sei
803 3036 861 3084 satis
883 3036 1096 3086 commentatione.
1112 3036 1239 3095 Getenrm,
1259 3045 1287 3086 ut
1300 3039 1354 3103 ejus

233 3111 267 3172 psl
282 3112 387 3179 στιίλῃς,
401 3129 446 3163 nec
459 3129 535 3178 graece
547 3129 591 3162 nec
604 3129 668 3162 rere.
804 3108 1020 3176 interpretamenta
1033 3110 1135 3159 minimo
1149 3109 1294 3174 probamus,
1309 3129 1354 3163 ne.

268 3188 325 3236 lib.
344 3187 508 3239 (lectissimam
519 3188 637 3238 medelam
652 3188 711 3247 νηόν
733 3205 779 3254 pro
803 3200 852 3248 que
871 3195 983 3251 putamus
996 3200 1081 3233 aureas
1096 3184 1224 3249 Virgiliani
1237 3188 1353 3238 carminis

232 3260 286 3310 ulis
305 3277 356 3311 non
377 3264 429 3313 ausi
450 3280 532 3314 sumus
553 3264 696 3323 admittere,
720 3264 779 3329 quia
803 3260 919 3326 imagines
931 3277 961 3309 er
974 3259 1063 3309 nostris
1076 3259 1186 3308 fontibus
1194 3259 1354 3312 haustasesse

232 3337 380 3402 exemplaria
389 3339 471 3388 omnia
484 3338 647 3405 manuscripta
659 3339 779 3403 vulgatam
805 3336 908 3401 (quidni
918 3336 984 3385 enim
994 3335 1076 3400 potius
1084 3351 1114 3384 ea
1125 3344 1201 3400 poete
1210 3336 1353 3402 cerebroi).

197 3434 205 3441 ·
232 3406 363 3461 lectionem
382 3413 524 3479 praeierunt.
546 3413 596 3462 Nec
613 3430 670 3463 vero
684 3423 779 3463 nostro-
803 3409 838 3459 itu
859 3411 964 3459 nolimus
981 3409 1090 3459 absolute
1108 3424 1196 3473 negare
1213 3410 1291 3460 ullum
1310 3428 1354 3477 po-

233 3487 465 3554 rummodo,quules
474 3505 539 3538 nunc
546 3497 650 3547 exstem,
656 3488 779 3548 codicum,
804 3484 878 3535 tuisse
892 3484 993 3549 Virgilio
1007 3484 1179 3534 commercium
1192 3499 1249 3534 cum
1265 3488 1353 3537 nostris

234 3558 276 3607 sed
289 3561 362 3611 etiam
376 3579 461 3613 eorum
472 3564 560 3629 quibus
574 3563 713 3613 Lactantius
726 3573 780 3613 utc-
804 3558 873 3609 libris
881 3559 1007 3618 interesse,
1017 3574 1122 3624 quorum
1131 3558 1195 3609 hona
1203 3575 1269 3626 pars,
1282 3561 1354 3613 lucile

235 3632 316 3694 hatur,
329 3635 401 3687 irrisae
411 3640 558 3704 scripturam
567 3637 630 3687 hanc
642 3639 705 3696 utor,
723 3638 780 3687 satis
804 3634 885 3700 potuit
897 3652 927 3684 es
937 3634 994 3684 Asia
1004 3634 1042 3683 rel
1050 3634 1156 3700 AEgypto
1164 3633 1266 3684 Romam
1272 3637 1355 3687 ailerri

234 3719 329 3760 constat
342 3712 416 3778 ipsius
430 3712 549 3763 lactantii
563 3713 739 3762 commentario
752 3713 779 3762 in
804 3710 917 3775 elegatis
932 3710 1155 3774 conquirendorum
1176 3709 1353 3776 Sibyllinorum

234 3785 411 3850 procedentem
424 3804 520 3837 versum
535 3791 594 3847 ill,
609 3804 683 3853 quem
695 3798 779 3854 aperte
804 3800 875 3834 causa
882 3784 958 3834 missis
978 3787 1053 3850 (teste
1067 3793 1121 3849 pust
1128 3784 1287 3836 Fenestellam
1293 3785 1355 3851 Lap-

234 3858 265 3908 de
276 3862 383 3912 secunda
395 3863 521 3913 Trinitatis
535 3879 637 3929 persona
649 3862 777 3913 intellexit.
804 3860 893 3921 tentio,
907 3859 934 3918 Ι,
950 3877 1005 3926 cap.
1022 3866 1053 3921 u,
1067 3870 1092 3910 et
1105 3859 1181 3909 multa
1196 3876 1241 3909 nos
1258 3862 1289 3911 de
1307 3863 1354 3914 hac

234 3934 275 3983 Ait
286 3937 366 3995 enim,
379 3934 434 3988 niv.
446 3938 504 3987 luat.
518 3937 560 3994 lV‚
574 3954 629 4003 cap.
641 3944 656 3988 6
668 3955 673 3985 :
687 3937 780 3988 «Vide-
804 3951 831 3985 re
844 3934 871 3984 iu
882 3935 990 3986 Excusso
1003 3944 1085 3985 nostro
1099 3934 1144 3996 lll,
1160 3951 1215 4001 cap.
1236 3938 1278 4000 6).
1302 3937 1355 4000 Quo

236 4030 248 4052 κ
258 4008 316 4060 licet
329 4011 382 4077 ipse
390 4023 426 4062 cst
436 4011 478 4061 liei
490 4012 574 4075 Filius,
587 4022 635 4062 etc.
646 4034 658 4057 u
668 4012 700 4062 Et
710 4011 780 4062 divus
803 4019 914 4076 tempore
929 4027 959 4059 ex
979 4009 1086 4059 versibus
1100 4027 1145 4076 per
1159 4010 1249 4075 legatos
1268 4013 1355 4075 allatis,

234 4085 390 4148 Augustinus,
401 4087 520 4153 Sibyllina
534 4087 619 4137 solitus
630 4104 644 4137 e
657 4087 780 4138 Lactantii
804 4086 915 4152 pluribus
929 4085 997 4135 haud
1010 4085 1084 4135 dubie
1098 4101 1172 4151 quam
1185 4097 1246 4151 quot
1264 4104 1279 4138 a
1293 4087 1355 4140 Lac·

235 4160 284 4211 lide
296 4161 386 4225 citare,
401 4163 473 4228 plane
486 4162 512 4212 iu
528 4161 613 4212 eadem
631 4161 705 4212 verba
718 4177 779 4211 con·
805 4161 883 4212 tuntio
903 4171 1078 4222 numerantur,
1097 4161 1169 4211 electi
1190 4171 1246 4212 sunt
1268 4165 1357 4214 eodem

234 4239 329 4304 spirat,
352 4248 437 4288 contra
456 4239 519 4289 llaer.
542 4237 572 4300 V,
596 4253 651 4304 cap.
675 4241 700 4288 3.
718 4237 780 4287 ldale
805 4246 866 4288 teste
879 4235 1020 4302 pauciores.
1039 4236 1106 4285 mille
1123 4245 1219 4286 tautum
1232 4247 1275 4287 aut
1289 4238 1355 4289 cirea

236 4324 318 4365 tamen
332 4323 445 4379 uterque,
460 4323 484 4363 et
497 4329 558 4363 rana
566 4326 662 4380 prorsus
679 4322 779 4362 senten·
805 4311 886 4373 mille,
907 4311 950 4376 qui
968 4310 992 4359 in
1010 4326 1101 4360 arcano
1121 4310 1226 4364 sacrario
1246 4313 1355 4379 depone·

236 4391 279 4440 tia.
295 4391 397 4455 legatur
410 4405 469 4438 vero
484 4397 570 4439 contra
585 4387 693 4437 omnium
707 4388 779 4437 isdem
806 4396 900 4442 rentur,
915 4385 1002 4435 ceteris
1015 4386 1039 4435 iu
1054 4384 1179 4451 publicum
1192 4385 1292 4440 emissis.
1308 4388 1354 4438 Ce-

235 4466 305 4526 νηόν,
321 4487 333 4509 u
345 4465 461 4531 templum
471 4487 494 4523 n,
511 4473 535 4514 et
551 4463 586 4514 sic
601 4463 631 4513 de
646 4462 719 4513 totius
731 4463 779 4513 loci
806 4462 852 4512 teri
870 4460 944 4526 igitur
959 4461 1014 4522 isti,
1036 4476 1189 4526 quacumque
1213 4479 1242 4511 ex
1263 4463 1356 4533 origine
