3186 5310
459 415 740 477 SlBYLLlNORUhl
762 414 834 476 LlB.
856 415 919 476 Xll.

209 549 315 611 Litera
334 549 385 613 cui
403 571 519 613 nornen
539 546 678 638 signabit
691 546 811 636 prima;
829 547 951 636 tibique

210 655 321 720 Vincla
338 653 440 735 dabit,
458 655 552 720 tellus
566 679 586 718 o
603 646 728 733 fertilis,
748 672 844 743 atque
863 672 1028 720 cruentam
1108 646 1112 679 ¹

209 763 369 851 Depascet
386 761 553 851 praedam:
570 778 604 826 tu
623 785 731 850 poenas
749 761 844 826 noxia
856 762 970 828 solves.

209 869 357 958 Namque
371 870 431 934 erit
448 869 499 933 ille
515 885 630 959 potens
643 868 744 952 bello,
760 892 857 958 quem
871 870 1007 934 Thracia
1022 871 1114 935 tellus

147 999 188 1041 ao
210 977 251 1039 Et
269 975 374 1040 Sicula
389 976 548 1058 horrebit,
567 991 664 1065 tuque
679 1000 698 1040 o
714 976 855 1065 peritura
875 993 1004 1041 tuorum

209 1081 354 1171 Memphi
368 1081 487 1148 ducum
505 1081 729 1163 sitim-mulier
746 1105 846 1171 quum
863 1083 968 1147 Marte
987 1083 1127 1164 sinistro,

211 1188 384 1277 Impatiens
396 1188 527 1270 servire,
542 1188 646 1253 cadet.
661 1187 759 1252 Dabit
771 1187 825 1251 ille
842 1189 961 1253 coactis

209 1294 282 1358 Jura
302 1295 390 1358 ferox
410 1292 537 1383 populis
553 1309 585 1357 et
603 1293 727 1382 legibus
740 1293 846 1357 omnia
861 1293 988 1372 subdet,

208 1398 317 1464 Laude
329 1422 386 1464 sua
399 1399 554 1488 regnique
569 1398 624 1464 diu
638 1398 790 1463 fruiturus
804 1399 928 1465 honore
942 1431 950 1464 ι

145 1503 185 1568 25
211 1504 338 1594 Quippe
349 1529 409 1570 nec
425 1505 506 1570 alter
520 1505 594 1586 erit,
607 1504 715 1594 plures
732 1504 787 1593 qui
801 1521 925 1594 sceptra
938 1528 997 1594 per
1010 1529 1109 1573 annos

209 1609 362 1694 Gesserit,
381 1628 436 1676 aut
449 1635 544 1675 unam
560 1610 742 1698 regnaverit
757 1610 893 1699 amplius
909 1611 1035 1691 horam,

210 1717 374 1781 Romanus
388 1716 548 1805 princeps:
567 1715 631 1780 Olli
650 1717 735 1781 Deus
749 1716 854 1780 omnia
870 1740 1009 1805 praesens

211 1827 352 1903 hanuet,
369 1845 406 1886 ac
424 1820 484 1887 toti
502 1821 661 1887 laetissima
676 1838 820 1911 tempora
836 1823 956 1888 mundo

214 1929 384 2011 Ostendet,
397 1928 521 2018 magnis
537 1952 608 2018 quae
625 1945 756 2016 surgent
768 1927 876 1992 inclita
892 1929 999 2018 signis.
1050 1963 1054 1973 ¹

145 2034 187 2098 30
211 2035 320 2116 Quum
335 2058 412 2099 vero
428 2034 525 2099 medii
542 2051 645 2099 tractu
661 2033 829 2098 manifesta
844 2034 906 2100 diei

210 2139 308 2204 Stella
322 2142 401 2229 polo
414 2141 537 2229 fulgere
555 2139 715 2206 videbitur
732 2141 844 2205 aemula
858 2139 947 2218 solis,

209 2247 291 2309 Tum
304 2245 449 2311 Verbum
468 2245 577 2310 oeterni
593 2245 765 2311 descendet
778 2245 939 2327 Numinis,
955 2247 1070 2310 umbra

211 2351 363 2441 Corporis
377 2352 537 2433 indutum,
556 2376 615 2441 par
629 2370 661 2417 et
673 2352 863 2417 mortalibus
880 2352 982 2441 aegris.

210 2458 242 2522 N
244 2482 280 2522 ec
295 2457 399 2522 minus
415 2473 563 2548 augescet
581 2459 693 2522 Romae
707 2458 853 2547 Latiique
867 2475 1021 2547 potestas,

146 2564 186 2629 35
213 2566 323 2629 Donec
338 2589 394 2629 rex
408 2587 541 2654 magnus
555 2563 704 2653 proprios
721 2563 899 2654 impleverit
911 2587 1024 2644 annos,

141 2676 149 2693 ⁴
211 2669 431 2759 Deficiensque
449 2669 503 2734 alii
517 2669 622 2735 tradat
636 2670 753 2760 regalia
764 2672 847 2756 jura.

254 2777 332 2841 Post
347 2776 434 2840 hunc
448 2776 579 2841 accedet
593 2775 675 2841 solio
689 2775 737 2840 vir
751 2777 855 2840 Marte
873 2777 1071 2859 tremendus,

209 2884 472 2971 Purpureumque
488 2883 630 2990 hupneris
645 2881 776 2946 indutus
792 2881 890 2947 vestis
903 2882 1074 2964 honorem,

210 2987 354 3076 Signabit
370 2990 460 3074 cujus
473 3005 549 3052 nota
562 3005 611 3053 ter
626 2987 802 3053 centesima
816 3011 951 3064 nomen3

143 3099 187 3173 do
210 3092 274 3178 Qui
286 3093 409 3183 gladios
424 3093 550 3182 franget
562 3091 664 3178 Medi,
684 3092 857 3182 Parthique
874 3093 1021 3181 sagittas,

209 3203 316 3288 Atque
331 3199 433 3289 ipsam
446 3197 550 3288 portis
563 3197 736 3263 sublimem
755 3197 861 3264 diruet
876 3200 1002 3264 urbem.

210 3309 293 3371 Tum
307 3307 410 3393 gravis
420 3306 598 3394 AEgyptum
614 3304 722 3369 clades
735 3321 857 3387 manet,
876 3305 1098 3394 Assyriosque,

210 3414 361 3493 Colchos,
378 3411 576 3490 Heniochos,
593 3428 626 3476 et
639 3436 709 3502 quae
722 3435 800 3501 gens
813 3411 922 3476 accola
936 3412 1040 3477 Rheni

211 3521 379 3586 Germanae
393 3521 470 3609 ripae
484 3517 703 3606 squalentibus
718 3535 804 3583 errat
815 3519 932 3583 arenis.

156 3695 197 3750 32,
210 3708 263 3757 sqq.
278 3690 312 3740 De
323 3690 470 3740 hoclocoac
483 3689 514 3738 de
525 3687 663 3737 christianae
732 3691 773 3741 89.
792 3688 868 3739 Codd.
892 3692 957 3741 ῶστι
981 3699 1007 3739 et
1028 3688 1129 3755 κεράην.
1154 3687 1246 3739 Ductus

121 3766 243 3833 religionis
262 3765 304 3815 hic
324 3765 442 3831 impresso
462 3763 570 3828 vestigio,
589 3776 666 3827 quum
698 3778 781 3813 versus
792 3779 823 3812 ex
834 3762 864 3821 V,
878 3765 921 3822 21,
935 3779 985 3830 quo
998 3763 1025 3812 in
1039 3763 1102 3813 libro
1117 3763 1189 3813 codd.
1201 3781 1245 3830 pro

121 3853 203 3894 cetera
220 3840 310 3892 horum
329 3839 448 3890 librorum
468 3850 551 3907 aperte
570 3838 666 3904 judaica
699 3838 799 3905 κεραίην
814 3839 876 3888 male
890 3839 977 3904 κερέην
997 3836 1135 3898 habebant,
1158 3839 1184 3888 in
1196 3837 1244 3889 hoc

122 3920 182 3982 siut,
193 3918 248 3970 ride
262 3926 314 3967 not.
700 3913 802 3979 pessime
817 3912 918 3977 νιράην.

156 3999 196 4046 33.
215 3993 291 4044 Codd.
302 3991 478 4058 σαρκοφάγων.
733 3992 775 4040 tl.
794 3988 844 4037 cfr.
857 3987 887 4048 V,
903 3991 944 4045 22,
958 3996 984 4037 et
993 3987 1028 4037 ibi
1041 3997 1092 4037 not.

156 4074 197 4121 36.
217 4069 339 4134 Frequens
369 4066 393 4115 in
413 4066 451 4115 his
477 4065 567 4116 ultimis
597 4065 668 4115 libris
733 4067 773 4114 42.
793 4063 871 4114 Godd.
886 4063 929 4113 καὶ
940 4064 1017 4113 πόλει.
1033 4063 1091 4113 Post
1103 4065 1165 4115 πολύ
1176 4076 1211 4114 an
1223 4065 1245 4115 δ’

121 4147 164 4196 bic
185 4161 275 4194 tersus.
700 4138 857 4188 addendum?

155 4225 196 4272 31.
216 4219 266 4270 etr.
278 4218 350 4275 inira.
369 4222 424 4274 lta,
435 4227 459 4267 et
473 4217 549 4266 simile
562 4217 607 4266 viri
617 4218 666 4268 elo·
737 4217 776 4264 13.
786 4213 872 4263 ¹(lodd.
889 4214 915 4262 in
925 4213 972 4263 fine
983 4215 1063 4264 νείλου
1075 4230 1081 4263 :
1093 4225 1245 4266 noscor1·.et

120 4299 196 4364 giutm
209 4295 278 4347 lliad.
294 4297 317 4354 δ,
333 4298 374 4346 at.
699 4299 753 4341 tuto
766 4289 868 4356 quidem
880 4299 981 4356 propter
994 4307 1017 4339 ν.
1033 4307 1069 4356 sq.
1192 4360 1193 4364 Ἰ

155 4375 196 4422 38.
215 4370 292 4422 Codd.
303 4366 369 4426 αὔξει
380 4384 424 4433 pro
435 4368 511 4433 ἄρξει.
523 4367 598 4418 iidem
607 4367 666 4434 aip-
733 4371 774 4416 11.
792 4365 858 4415 Unus
886 4366 940 4416 cod.
970 4366 1123 4433 γερμανούς,
1152 4367 1244 4434 absque

31 4482 40 4506 ,
120 4449 213 4515 φνρίην
226 4448 253 4498 δὲ
264 4446 355 4505 haduis,
367 4443 410 4495 ubi
424 4460 468 4494 nos
477 4445 560 4504 λώπην
574 4460 587 4493 e
599 4443 663 4509 conj.
699 4441 840 4508 syntaxi3et
847 4457 931 4491 omnes
938 4440 1051 4506 ἄγουσιν,
1060 4442 1103 4493 ubi
1112 4460 1156 4493 nos
1162 4445 1247 4495 ναίον·

121 4540 151 4573 ex
162 4522 209 4582 111,
225 4526 283 4581 389.
295 4531 320 4572 et
333 4521 376 4580 111,
391 4523 448 4571 215.
701 4536 750 4576 σιν,
765 4517 827 4568 sieut
839 4519 951 4574 ναίοντας
962 4517 1036 4582 inira,
1055 4521 1111 4570 151.
