3186 5310
187 82 471 173 smrmuoruu
490 109 564 175 ns.
585 109 664 189 uu,
685 110 741 192 §s
761 112 865 195 (m).
1027 114 1088 178 sss

10 228 161 307 des
176 239 286 309 fidem.
301 240 402 308 Simul
413 241 481 333 ipse
490 242 657 311 hominem
667 245 729 311 sub
744 243 883 337 imagine
896 247 1000 339 prisca

10 348 227 427 —Qstituec
240 348 368 439 qualem
381 350 467 415 Deus
481 348 560 416 olim
575 350 711 417 finxerat
721 369 844 420 auctor.

10 436 113 519 {ui
127 458 217 521 vafer
235 455 335 522 illusit
348 479 490 547 serpens,
506 474 542 524 ut
553 460 668 524 mortis
680 461 814 525 acerbas
919 478 923 485 ·

10 550 168 653 Leges,
182 581 278 655 atque
294 566 416 630 bonurn
436 564 532 632 sciret
546 590 746 657 pravumque
759 566 838 657 quid
852 585 949 647 osset,

10 664 277 762 Eleglectoque
292 674 362 737 Deo
376 672 511 738 serviret
523 692 628 739 morte
645 674 785 742 caducis.

10 777 206 845 Consiliis
219 779 294 845 Nati
308 803 383 845 nam
395 804 497 870 quum
509 782 605 849 Pater
621 781 763 872 optimus
776 785 889 848 orbem

23 886 231 966 Conderet,
249 887 316 952 lraec
329 886 384 951 olli
397 889 539 978 prudens
553 889 598 955 ait
615 917 623 956 ε
642 890 693 955 En
705 913 776 979 age,
791 889 852 969 fili,

26 996 242 1061 lluumnam
256 1011 365 1059 nostra
380 994 537 1085 fingamus
551 995 690 1087 imagine
706 999 846 1088 prolem,

37 1102 153 1169 Nunc
164 1118 293 1192 egomet
306 1101 467 1188 munibus,
480 1119 515 1168 tu
527 1105 628 1169 verbo
642 1104 761 1172 deinde
775 1107 915 1196 potenti,

39 1210 238 1278 Commune
255 1225 292 1274 ut
303 1209 343 1275 sit
361 1233 453 1300 opus.
468 1210 552 1276 Dicti
568 1235 692 1278 memor
710 1213 765 1279 ille
777 1213 915 1304 paterni,

48 1316 360 1403 Descendetjudex,
375 1317 514 1384 somnam
525 1321 715 1387 mortalibus
728 1322 819 1413 aegris

10 1462 16 1483 ι
50 1425 265 1493 Consimilem
280 1442 427 1515 portans,
442 1427 475 1491 in
490 1444 608 1494 sanctae
619 1429 761 1519 Virginis
773 1432 891 1497 alvum.

56 1533 217 1601 Effundet
230 1556 353 1598 sacram
364 1533 515 1599 manibus
529 1535 710 1602 senioribus
724 1538 864 1617 undam;

58 1642 134 1731 lpse
145 1640 203 1707 sed
218 1639 340 1706 interea
351 1642 451 1706 verbo
463 1642 547 1707 mala
559 1659 673 1709 cuncta
688 1645 818 1724 levabit,

58 1746 193 1817 Pacabit
206 1749 305 1813 verbo
320 1766 445 1827 ventos,
462 1765 648 1840 sternetque
662 1751 860 1840 profundum

61 1855 128 1921 Sub
140 1854 290 1945 pedibus,
305 1853 431 1920 calcans
443 1854 541 1921 uraris
553 1855 617 1922 iras
631 1880 711 1946 pace
723 1856 863 1949 fideque.

10 1962 38 2033 5
61 1962 202 2033 Panibus
215 1962 268 2028 ille
284 1963 382 2028 etiam
395 1963 502 2052 quinis
513 1981 546 2031 et
561 1964 649 2055 pisce
666 1966 792 2032 marino

61 2071 165 2141 Millia
176 2071 319 2162 quinque
333 2071 503 2139 hominum
515 2074 643 2139 deserto
656 2091 766 2165 pascet
776 2075 810 2141 in
825 2096 918 2164 agro,

62 2178 295 2271 Relliquiisque
307 2179 371 2245 cibi
383 2179 526 2247 collectis
538 2180 693 2272 undique,
707 2205 802 2248 senos

62 2286 115 2353 Bis
126 2286 284 2376 cophinos
302 2286 436 2376 implere
448 2287 550 2372 dabit,
564 2312 656 2378 spem
668 2289 818 2379 gentibus
834 2290 964 2355 almam.

63 2394 155 2462 Idem
170 2392 211 2459 ad
223 2418 256 2460 se
269 2410 460 2485 sanctosque
471 2395 555 2461 viros
565 2394 768 2487 humilesque
782 2394 923 2477 vocabit,

10 2509 42 2575 lo
64 2503 231 2570 Solventes
246 2520 375 2593 accepta
386 2503 481 2569 bonis
493 2504 590 2585 mala,
604 2506 737 2572 verbere
750 2506 854 2585 laetos,

64 2610 243 2703 Opprobrii
258 2610 394 2702 cupidos
410 2629 443 2677 et
455 2600 655 2702 paupertatis
666 2630 822 2680 amantes.

64 2720 156 2787 Idem
168 2734 282 2785 cuncta
293 2717 410 2802 sciens,
423 2719 605 2785 auscultans
617 2738 734 2786 cuncta
745 2719 937 2811 vidensque,

65 2825 182 2892 Intima
193 2825 322 2892 nudatis
339 2842 544 2915 perscrutans
560 2850 631 2893 ossa
647 2826 811 2910 medullis,

65 2935 161 3002 Mens
176 2931 272 2997 inerit
283 2933 421 3013 cunctis,
436 2931 578 3015 auditus,
591 2932 690 3012 visus,
705 2949 739 2999 et
751 2933 805 2999 illa

10 3110 99 3173 mibus,
120 3108 209 3161 loson.
223 3109 314 3176 Evang.
331 3126 387 3177 cap.
409 3113 439 3166 l,
455 3125 478 3159 v.
494 3113 519 3161 2.
554 3110 597 3177 qni
612 3110 638 3161 in
650 3112 720 3162 codd.
734 3121 759 3163 et
771 3110 827 3163 edd.
843 3110 903 3163 olim
912 3109 948 3161 sic
958 3108 1083 3160 ferebatur
1098 3126 1106 3162 s

10 3204 27 3241 o
45 3187 157 3254 φωτίζων
168 3186 239 3237 codd.
253 3202 311 3236 nov.
327 3185 460 3252 βαπτίζων,
475 3185 522 3235 mi·
555 3188 683 3250 tlt-27⁴3
693 3188 822 3247 266·296;
833 3188 961 3247 tto-³013
976 3187 1103 3245 2l5·288;

10 3280 25 3317 s
38 3280 69 3316 ax
82 3264 187 3330 sntiquo
200 3278 277 3313 more.
557 3266 670 3314 666-616
684 3261 786 3325 (omisso
795 3266 824 3314 61
832 3264 868 3326 1);
884 3265 942 3321 312,
958 3271 1006 3312 etc.
1021 3260 1106 3311 luver-

12 3343 137 3407 272,sqq.
153 3338 199 3389 llic
208 3347 233 3389 et
245 3337 316 3388 multi
326 3346 456 3404 sequentes
468 3353 523 3388 rer·
558 3336 625 3388 tendi
638 3337 796 3405 praebuerunt
803 3336 941 3404 exemplum
952 3334 1010 3385 novi
1022 3334 1107 3400 codd,

10 3426 121 3485 superte
142 3414 293 3466 lueruntrel
315 3412 348 3464 ob
372 3414 456 3465 oculos
483 3414 522 3465 vel
555 3411 1003 3481 quanquamslitarinrersoshabent.
1017 3410 1108 3462 Confer

19 3503 100 3547 monte
116 3491 256 3560 Sibyllista.
289 3490 317 3549 1,
333 3494 458 3558 ³51‚sqq.
473 3490 522 3542 lle·
555 3506 641 3541 eorum
654 3492 784 3558 plerosque
797 3505 881 3541 mrsus
891 3488 963 3539 aliter
971 3486 1111 3556 dispositos,

10 3579 65 3621 ,sset
76 3568 118 3621 hic
128 3568 202 3619 etism
210 3567 290 3630 infra,
309 3570 367 3617 266.
380 3566 455 3632 Λόγῳ
469 3583 523 3617 om·
556 3566 581 3625 l,
596 3571 655 3627 366,
667 3583 722 3635 sqq.
1177 3628 1180 3635 Ι

10 3664 24 3699 ι
39 3645 120 3699 lscese
130 3643 242 3697 divinum
251 3641 375 3703 Verbum,
390 3642 471 3708 quivis
481 3643 524 3693 hic
591 3646 649 3695 tto.
670 3642 741 3710 cmg.
757 3643 814 3694 Nu.
829 3643 861 3693 de
871 3641 997 3692 lliraculis
1006 3639 1108 3701 Christi,

10 3729 57 3787 dot,
68 3735 169 3779 notante
183 3724 252 3775 Lsct.
264 3722 307 3785 lv,
322 3738 376 3789 esp.
389 3726 430 3774 16.
559 3734 631 3768 versu
639 3718 699 3770 hino
711 3718 813 3768 locasse
823 3718 898 3768 ducto
910 3734 917 3768 ε
930 3718 1026 3785 θρέψεν
1038 3717 1109 3768 πάλιν

15 3804 74 3853 m.
93 3799 171 3851 codd.
184 3796 296 3865 plerique
306 3797 398 3847 παΰσιι
409 3814 437 3848 ss
449 3798 526 3862 λόγῳ.
561 3794 614 3845 ἕπτ’
626 3794 752 3846 (asellorum
767 3794 862 3862 ἀνδρῶν
875 3793 994 3859 χιλιάδας.

16 3880 75 3930 276.
93 3875 171 3927 Codd.
190 3873 263 3925 ποσὶν
280 3873 379 3940 εἰρήνης
394 3872 448 3939 (sic)
461 3874 529 3940 :de-
595 3874 654 3923 tls.
674 3870 743 3921 Lact.
758 3870 791 3927 εἰς
805 3870 889 3920 ἐλπίδα
902 3870 1006 3921 πολλῶν.

10 3954 41 4006 ds
52 3966 136 4004 ousnss
147 3950 246 4013 πίστει,
258 3959 379 4015 utsupra,
395 3950 454 3999 252.
595 3949 656 3998 266.
673 3945 780 3997 llcarsnt
794 3944 855 3996 olisn
868 3945 956 3996 ultima
964 3944 1048 4005 verbs,
1058 3944 1113 3995 ols-

16 4032 77 4090 216,
90 4042 144 4093 sqq.
158 4025 255 4077 cium
266 4025 307 4075 bic
317 4040 373 4075 cuns
384 4022 464 4075 tribus
475 4038 528 4090 sqq.
564 4023 640 4090 τροῦς
657 4022 679 4073 τ’
688 4023 823 4087 ἀγαπήσει,
841 4038 896 4089 qua
916 4020 987 4072 nobis
999 4019 1112 4072 reddide-

10 4101 153 4163 neuntio,
167 4100 210 4162 lV,
223 4116 278 4168 cap.
292 4102 338 4159 16,
353 4097 398 4149 ubi
410 4099 482 4165 uulgo
496 4100 531 4149 le·
565 4098 692 4149 runtnovi
707 4097 781 4147 codd.

10 4177 328 4245 tnrssllxlt'ssooslooinw.
340 4174 381 4225 Ab
389 4174 437 4226 hoc
450 4185 533 4226 autem
600 4176 658 4225 282.
677 4172 777 4225 Redibit
789 4171 845 4235 laic,
860 4174 904 4225 ted
917 4173 944 4225 in
960 4173 1021 4225 duss
1033 4181 1115 4243 partes

10 4274 41 4313 ω
57 4253 189 4311 nutandsu
200 4251 272 4304 nob'ss
281 4250 329 4305 luit
340 4251 402 4305 ordo
420 4267 533 4305 renuunt
567 4248 751 4317 metuentes,
766 4252 827 4313 666,
840 4264 878 4318 sq.
