3186 5310
424 443 706 506 SlBYLLINORUM
728 444 795 505 LIB.
818 444 869 504 ΧΙ.
1152 441 1212 500 257

189 572 312 663 Ingruit
325 577 371 642 ira
382 577 440 642 Dei
452 579 635 662 vehemens,
654 602 717 666 qua
731 577 868 641 maxima
885 577 981 642 turris

189 681 353 760 Concidit3
371 684 431 773 ipsi
447 708 553 750 acrem
567 686 650 750 inter
663 708 696 750 se
712 709 840 749 movere
853 684 1039 752 tumultumg

181 788 239 850 ‘Ex
255 788 309 852 itto
328 789 488 857 decimum
504 794 598 882 coepit
611 791 797 858 mortalibus
814 817 927 872 aevum,

130 890 166 953 15
192 893 364 983 Postquam
383 896 515 986 dispersi
532 896 656 988 populi,
673 896 834 986 divisaque
849 912 934 962 terra
948 913 995 961 est

192 1001 229 1062 In
245 1002 348 1066 varias
361 1002 530 1067 bominum
547 1004 680 1090 linguas,
695 1002 882 1098 ao'plurima
893 1026 1001 1090 regna,

193 1106 342 1188 Quorum
354 1109 440 1197 ipsos
454 1109 589 1173 reseram
605 1133 769 1193 numeros,
784 1126 820 1173 ut
833 1107 936 1198 prima
953 1107 1079 1173 sonabit

193 1210 311 1295 Litora,
329 1215 481 1302 quodque
502 1240 560 1280 suo
578 1217 704 1303 signans
721 1215 904 1280 discrimine
917 1239 1047 1280 nomen.

237 1321 397 1410 Principio
416 1323 569 1411 AEgyptus
584 1347 718 1411 regnum
733 1323 792 1386 sibi
807 1323 909 1412 prima
927 1336 1082 1412 capesset,

128 1447 169 1489 ao
192 1425 232 1488 Vi
245 1425 413 1490 dominans
432 1451 468 1492 ac
480 1431 575 1513 jure:
595 1443 685 1515 reget
698 1451 794 1515 quam
810 1427 967 1516 plurimus
984 1427 1065 1492 ordo

191 1534 316 1620 Regum
330 1533 462 1598 oonsilio
482 1551 686 1624 praestantum
701 1553 732 1600 et
749 1552 854 1599 mente
869 1533 985 1623 sagaci.

194 1637 253 1702 His
270 1639 400 1727 quidam
417 1640 547 1706 accedet
563 1641 650 1706 bello
664 1641 855 1707 metuendus
870 1642 1022 1718 eternus,

193 1747 288 1830 Cujus
303 1748 495 1812 acrostichio
512 1772 630 1812 nomen
643 1771 720 1836 cape
739 1774 745 1811 :
763 1764 872 1836 pascet
884 1746 967 1811 enim
985 1771 1053 1829 rex,

194 1851 308 1915 Pascet
324 1853 500 1942 inexpletos
508 1855 670 1940 justorum
686 1854 827 1919 caedibus
842 1878 944 1920 enses.

131 1957 170 2020 25
195 1960 255 2021 Ast
269 1958 380 2047 ingens
398 1960 453 2024 iilo
466 1961 591 2048 signum
606 1979 758 2048 regnante
774 1959 896 2025 videbit

196 2064 327 2152 AEgypti
348 2065 452 2148 tellus,
471 2091 540 2152 quae
556 2066 669 2131 fertilis
687 2067 785 2129 ubere
802 2082 893 2129 terrae

197 2172 339 2259 Corpora
359 2172 458 2235 multa
476 2174 558 2237 farrae
576 2173 713 2237 servabit
729 2171 865 2261 perdita,
884 2196 984 2259 quum
1002 2173 1049 2236 vir

196 2277 335 2366 Assyriis
351 2277 540 2367 populisque
557 2279 647 2343 cibos
663 2278 827 2366 impendet
848 2277 916 2342 eois

197 2383 344 2469 Captivos
360 2383 536 2470 quondam,
555 2385 660 2472 legum
672 2408 757 2448 nune
771 2384 890 2447 arbiter
910 2411 916 2447 ι
936 2383 982 2447 illi

132 2489 174 2553 30
196 2489 323 2553 Nomen
338 2492 410 2571 erit,
432 2490 548 2554 decimi
566 2491 655 2578 quod
669 2506 826 2555 monstrat
842 2490 931 2554 litera
944 2487 1035 2578 signi.

242 2599 284 2660 At
300 2621 400 2684 quum
419 2621 533 2685 magna
547 2597 660 2662 decem
675 2595 715 2661 de
731 2599 808 2661 caelo
820 2597 950 2660 vulnera
968 2612 1087 2660 terram

199 2703 330 2790 AEgypti
348 2702 475 2784 ferient,
493 2705 608 2767 iterum
623 2703 681 2767 tibi
697 2703 771 2767 talia
786 2703 898 2766 sabor:

198 2809 254 2872 Vae
269 2808 340 2891 tibi,
357 2835 414 2886 vae,
432 2811 537 2898 regnis
554 2811 632 2874 olim
648 2811 853 2874 celeberrima
866 2808 1010 2897 Memphi
1024 2831 1033 2889 ;

200 2917 289 2981 Cives
307 2917 427 3007 quippe
441 2936 514 2983 tuos
529 2919 632 2982 Rubri
649 2917 745 2982 maris
759 2919 875 2981 obruet
893 2915 990 2981 unda.

135 3025 176 3089 35
246 3024 328 3088 Hinc
344 3026 399 3089 ubi
415 3047 491 3112 gens
505 3027 645 3110 bissena,
663 3026 733 3088 Deo
748 3039 957 3099 monstrante,
977 3020 1090 3085 feracis

202 3131 345 3220 Liquerit
364 3156 435 3195 arva
455 3131 529 3216 soli,
548 3130 655 3194 fatalia
672 3153 759 3210 rura,
777 3151 956 3216 novamque

201 3239 383 3325 Terrigenis
400 3238 503 3325 legem
519 3235 661 3301 attulerit
675 3259 728 3299 rex
745 3233 813 3325 ipse
828 3256 995 3323 supremus
1008 3259 1016 3308 ς

203 3345 286 3408 Tum
305 3337 394 3442 reget
411 3346 579 3408 Hebraeum
596 3343 720 3431 prolem
738 3343 784 3405 vir
800 3340 975 3435 grandibus
993 3338 1077 3403 ausis

203 3450 328 3529 Cbrm,
345 3451 386 3513 ab
402 3448 535 3538 AEgypti
551 3471 669 3511 nomen
686 3446 740 3534 qui
758 3446 853 3510 ducet
872 3443 989 3527 arenis,

117 3659 148 3666 -
161 3633 202 3684 st,
213 3645 266 3694 sqq.
284 3628 370 3676 Decem
384 3627 482 3692 AEgypti
496 3627 569 3692 plagae
584 3645 591 3674 ι
607 3641 672 3673 mare
685 3623 796 3672 Rubrum
805 3622 913 3671 futurum
928 3620 1046 3687 AEgyptiis
1061 3619 1188 3669 [arrestum.
1205 3647 1238 3657 -

116 3718 160 3777 ³5,
179 3728 233 3779 sqq.
255 3712 340 3761 Exitus
354 3713 437 3778 populi
458 3711 535 3760 sancti
551 3727 580 3759 ex
594 3709 706 3776 AEgypm,
726 3709 787 3757 duce
801 3707 874 3756 Mose.
886 3735 917 3742 -

117 3873 163 3908 nos
185 3857 334 3908 exhibentes.
360 3855 391 3904 Et
414 3856 449 3905 ias
473 3856 571 3922 quidem
598 3864 660 3905 esset
728 3855 767 3902 32.
788 3852 823 3901 Ex
838 3851 896 3908 t'tl,
918 3855 974 3908 111,
994 3859 1018 3899 et
1034 3848 1079 3899 cir.
1101 3847 1238 3908 infr-11⁰8,

117 3934 235 3999 suspicari
248 3933 287 3982 vel
311 3933 376 3983 ἐστίν
398 3932 435 3980 vel
457 3930 524 3982 ἔστιν
546 3947 576 3980 ex
597 3931 660 3979 libro
696 3933 754 3989 119,
769 3938 816 3978 etc.

118 4008 184 4072 ΙΙΙΙΙ,
200 4007 419 4066 l2t‚undenobis
433 4007 491 4055 olim
505 4007 661 4056 succurrebat
729 4007 769 4054 tt.
789 4003 864 4051 Codd.
889 4002 1016 4057 ἐξολέσειε.
1047 3998 1097 4050 etr.
1127 3997 1240 4049 eumd·

117 4085 185 4136 derb
205 4087 356 4142 Ἰώσηππος,
373 4082 465 4132 terente
479 4099 564 4139 sensu,
583 4082 663 4131 miuus
695 4095 804 4136 versum,
820 4078 849 4136 t,
866 4080 920 4127 190.

116 4171 200 4211 tamen
214 4159 306 4209 ferente
326 4175 371 4208 usn
388 4156 522 4224 Sibyllino,
537 4159 578 4223 qui
593 4157 664 4223 vulgo
732 4157 771 4203 35.
791 4153 866 4202 Codd.
887 4153 911 4200 ἐν
921 4150 941 4201 δ’
954 4149 1055 4200 ὁπόταν.
1069 4149 1104 4199 De
1115 4165 1185 4198 seusu
1195 4146 1240 4206 ΙΙΙ,

120 4235 226 4304 propriis
235 4234 373 4284 nominibus
383 4235 496 4284 abstinet.
699 4233 757 4288 248,
768 4245 821 4294 sqq.

156 4312 195 4362 at.
215 4308 291 4359 Codd.
308 4310 357 4359 ἀλλ’
373 4309 464 4359 ὁπόταν
479 4308 666 4370 ὁδεκάπληγος,
732 4309 774 4356 36.
793 4306 830 4353 An
844 4302 929 4352 melius
949 4301 989 4351 ὑπ’
1012 4303 1112 4351 auant
1129 4298 1246 4349 Usitatius

121 4387 193 4448 male,
209 4401 286 4451 quum
303 4383 446 4433 femininum
460 4383 532 4449 hujus
552 4383 617 4433 vocis
631 4399 667 4431 so·
698 4382 798 4448 qnippe,
813 4390 838 4429 et
852 4379 895 4428 cfr.
914 4376 956 4439 ill,
972 4379 1029 4426 583.

122 4463 175 4513 lum
194 4461 225 4510 sit
246 4460 271 4508 in
294 4476 339 4508 usu
352 4475 358 4508 :
370 4469 422 4509 crat
436 4459 511 4524 igitur
528 4460 612 4508 saltem
631 4458 666 4508 le·
718 4443 773 4508 ⁴37.
792 4457 867 4508 Codd.
885 4455 926 4505 καὶ
941 4455 1016 4519 μόνος
1028 4452 1112 4507 αὐτός.

122 4537 228 4604 fiendam
239 4535 289 4586 ἀλλ’
307 4536 367 4586 ὅταν
378 4537 395 4594 ἡ
409 4536 509 4586 tentet.
735 4537 773 4583 tt.
794 4533 870 4582 Codd.
881 4530 947 4598 ἄρξει
958 4529 995 4578 ἐπ’
1005 4525 1139 4590 ΑΙγυπτον.

1089 4623 1125 4680 tt
