<?xml version="1.0" encoding="UTF-8"?>
<!DOCTYPE html PUBLIC "-//W3C//DTD XHTML 1.0 Transitional//EN"
    "http://www.w3.org/TR/xhtml1/DTD/xhtml1-transitional.dtd">
<html xmlns="http://www.w3.org/1999/xhtml" xml:lang="en" lang="en">
 <head>
  <title>
</title>
<meta http-equiv="Content-Type" content="text/html;charset=utf-8" />
  <meta name='ocr-system' content='tesseract 3.04.00' />
  <meta name='ocr-capabilities' content='ocr_page ocr_carea ocr_par ocr_line ocrx_word'/>
</head>
<body>
  <div class='ocr_page' id='page_1' title='image "./oraculasibyllin00alexgoog/oraculasibyllin00alexgoog_0464.png"; bbox 0 0 3186 5310; ppageno 0'>
   <div class='ocr_carea' id='block_1_1' title="bbox 234 398 854 463">
    <p class='ocr_par' dir='ltr' id='par_1_1' title="bbox 234 398 854 463">
     <span class='ocr_line' id='line_1_1' title="bbox 234 398 854 463; baseline 0.006 -5"><span class='ocrx_word' id='word_1_1' title='bbox 234 398 292 459; x_wconf 84' lang='grc'>338</span> <span class='ocrx_word' id='word_1_2' title='bbox 737 401 854 463; x_wconf 85' lang='lat' dir='ltr'>NOTAE</span> 
     </span>
    </p>
   </div>
   <div class='ocr_carea' id='block_1_2' title="bbox 232 522 1428 4534">
    <p class='ocr_par' dir='ltr' id='par_1_2' title="bbox 232 522 1428 4534">
     <span class='ocr_line' id='line_1_2' title="bbox 233 522 1353 598; baseline 0.002 -22"><span class='ocrx_word' id='word_1_3' title='bbox 233 527 349 593; x_wconf 86' lang='lat' dir='ltr'>primum,</span> <span class='ocrx_word' id='word_1_4' title='bbox 361 538 432 595; x_wconf 90' lang='lat' dir='ltr'>poeta</span> <span class='ocrx_word' id='word_1_5' title='bbox 444 531 556 589; x_wconf 75' lang='lat' dir='ltr'>docente,</span> <span class='ocrx_word' id='word_1_6' title='bbox 567 533 625 582; x_wconf 87' lang='lat' dir='ltr'>urbs</span> <span class='ocrx_word' id='word_1_7' title='bbox 637 533 678 582; x_wconf 91' lang='lat' dir='ltr'>diu</span> <span class='ocrx_word' id='word_1_8' title='bbox 688 533 775 594; x_wconf 85' lang='lat' dir='ltr'>libera,</span> <span class='ocrx_word' id='word_1_9' title='bbox 842 535 899 591; x_wconf 80' lang='grc'>320,</span> <span class='ocrx_word' id='word_1_10' title='bbox 914 549 967 598; x_wconf 88' lang='lat' dir='ltr'>sqq.</span> <span class='ocrx_word' id='word_1_11' title='bbox 980 533 1037 582; x_wconf 81' lang='lat' dir='ltr'>Post</span> <span class='ocrx_word' id='word_1_12' title='bbox 1051 530 1154 582; x_wconf 81' lang='lat' dir='ltr'>Odenati</span> <span class='ocrx_word' id='word_1_13' title='bbox 1168 536 1275 580; x_wconf 83' lang='lat' dir='ltr'>mortem</span> <span class='ocrx_word' id='word_1_14' title='bbox 1290 522 1353 573; x_wconf 68' lang='lat' dir='ltr'>ville·</span> 
     </span>
     <span class='ocr_line' id='line_1_3' title="bbox 233 598 1356 676; baseline -0.004 -24"><span class='ocrx_word' id='word_1_15' title='bbox 233 603 276 653; x_wconf 92' lang='lat' dir='ltr'>diu</span> <span class='ocrx_word' id='word_1_16' title='bbox 292 605 367 666; x_wconf 86' lang='lat' dir='ltr'>clara,</span> <span class='ocrx_word' id='word_1_17' title='bbox 386 606 428 655; x_wconf 88' lang='lat' dir='ltr'>diu</span> <span class='ocrx_word' id='word_1_18' title='bbox 445 607 536 672; x_wconf 73' lang='lat' dir='ltr'>regina,</span> <span class='ocrx_word' id='word_1_19' title='bbox 553 613 611 668; x_wconf 83' lang='grc'>309,</span> <span class='ocrx_word' id='word_1_20' title='bbox 631 626 685 674; x_wconf 81' lang='lat' dir='ltr'>qua·</span> <span class='ocrx_word' id='word_1_21' title='bbox 706 620 777 659; x_wconf 86' lang='lat' dir='ltr'>antea</span> <span class='ocrx_word' id='word_1_22' title='bbox 809 619 849 659; x_wconf 90' lang='lat' dir='ltr'>tnr</span> <span class='ocrx_word' id='word_1_23' title='bbox 865 609 982 676; x_wconf 77' lang='lat' dir='ltr'>AEgyptus</span> <span class='ocrx_word' id='word_1_24' title='bbox 995 607 1153 658; x_wconf 69' lang='lat' dir='ltr'>seditionibus</span> <span class='ocrx_word' id='word_1_25' title='bbox 1170 622 1200 655; x_wconf 90' lang='lat' dir='ltr'>ac</span> <span class='ocrx_word' id='word_1_26' title='bbox 1217 601 1297 653; x_wconf 84' lang='lat' dir='ltr'>turbis</span> <span class='ocrx_word' id='word_1_27' title='bbox 1310 598 1356 662; x_wconf 75' lang='lat' dir='ltr'>agi</span> 
     </span>
     <span class='ocr_line' id='line_1_4' title="bbox 232 673 1355 751; baseline -0.002 -23"><span class='ocrx_word' id='word_1_28' title='bbox 232 679 339 745; x_wconf 89' lang='lat' dir='ltr'>propriis</span> <span class='ocrx_word' id='word_1_29' title='bbox 352 682 458 731; x_wconf 88' lang='lat' dir='ltr'>consiliis</span> <span class='ocrx_word' id='word_1_30' title='bbox 470 699 527 732; x_wconf 91' lang='lat' dir='ltr'>cum</span> <span class='ocrx_word' id='word_1_31' title='bbox 541 683 627 750; x_wconf 75' lang='lat' dir='ltr'>insigni</span> <span class='ocrx_word' id='word_1_32' title='bbox 642 686 777 751; x_wconf 80' lang='lat' dir='ltr'>prudentie</span> <span class='ocrx_word' id='word_1_33' title='bbox 808 694 859 735; x_wconf 86' lang='lat' dir='ltr'>tata</span> <span class='ocrx_word' id='word_1_34' title='bbox 878 684 963 742; x_wconf 78' lang='lat' dir='ltr'>luisse,</span> <span class='ocrx_word' id='word_1_35' title='bbox 974 685 1066 751; x_wconf 91' lang='lat' dir='ltr'>quippe</span> <span class='ocrx_word' id='word_1_36' title='bbox 1077 683 1109 732; x_wconf 90' lang='lat' dir='ltr'>ob</span> <span class='ocrx_word' id='word_1_37' title='bbox 1123 681 1238 732; x_wconf 88' lang='lat' dir='ltr'>inertiam</span> <span class='ocrx_word' id='word_1_38' title='bbox 1251 673 1355 728; x_wconf 78' lang='lat' dir='ltr'>Gallieni</span> 
     </span>
     <span class='ocr_line' id='line_1_5' title="bbox 234 752 1356 828; baseline -0.002 -24"><span class='ocrx_word' id='word_1_39' title='bbox 234 752 297 804; x_wconf 81' lang='lat' dir='ltr'>lama</span> <span class='ocrx_word' id='word_1_40' title='bbox 307 756 436 816; x_wconf 82' lang='lat' dir='ltr'>(consiliis,</span> <span class='ocrx_word' id='word_1_41' title='bbox 453 758 498 807; x_wconf 86' lang='lat' dir='ltr'>nisi</span> <span class='ocrx_word' id='word_1_42' title='bbox 511 758 625 818; x_wconf 80' lang='lat' dir='ltr'>fallimur,</span> <span class='ocrx_word' id='word_1_43' title='bbox 641 761 777 828; x_wconf 83' lang='lat' dir='ltr'>municipa-</span> <span class='ocrx_word' id='word_1_44' title='bbox 808 765 877 811; x_wconf 86' lang='lat' dir='ltr'>certo</span> <span class='ocrx_word' id='word_1_45' title='bbox 891 770 987 811; x_wconf 86' lang='lat' dir='ltr'>rectore</span> <span class='ocrx_word' id='word_1_46' title='bbox 996 775 1089 817; x_wconf 82' lang='lat' dir='ltr'>caretis,</span> <span class='ocrx_word' id='word_1_47' title='bbox 1098 775 1128 808; x_wconf 88' lang='lat' dir='ltr'>ac</span> <span class='ocrx_word' id='word_1_48' title='bbox 1135 757 1224 807; x_wconf 90' lang='lat' dir='ltr'>deinde</span> <span class='ocrx_word' id='word_1_49' title='bbox 1232 754 1279 804; x_wconf 88' lang='lat' dir='ltr'>sub</span> <span class='ocrx_word' id='word_1_50' title='bbox 1289 752 1356 802; x_wconf 75' lang='lat' dir='ltr'>ehu</span> 
     </span>
     <span class='ocr_line' id='line_1_6' title="bbox 233 829 1357 903; baseline -0.003 -24"><span class='ocrx_word' id='word_1_51' title='bbox 233 829 263 879; x_wconf 86' lang='lat' dir='ltr'>lis</span> <span class='ocrx_word' id='word_1_52' title='bbox 285 832 410 898; x_wconf 83' lang='lat' dir='ltr'>enjusdam</span> <span class='ocrx_word' id='word_1_53' title='bbox 430 843 526 883; x_wconf 86' lang='lat' dir='ltr'>senatus</span> <span class='ocrx_word' id='word_1_54' title='bbox 541 836 591 885; x_wconf 84' lang='lat' dir='ltr'>sire</span> <span class='ocrx_word' id='word_1_55' title='bbox 608 837 695 900; x_wconf 70' lang='lat' dir='ltr'>curiae)</span> <span class='ocrx_word' id='word_1_56' title='bbox 707 854 779 903; x_wconf 78' lang='lat' dir='ltr'>rege·</span> <span class='ocrx_word' id='word_1_57' title='bbox 809 836 851 885; x_wconf 90' lang='lat' dir='ltr'>dio</span> <span class='ocrx_word' id='word_1_58' title='bbox 870 836 929 902; x_wconf 87' lang='lat' dir='ltr'>imp.</span> <span class='ocrx_word' id='word_1_59' title='bbox 948 847 972 886; x_wconf 88' lang='lat' dir='ltr'>et</span> <span class='ocrx_word' id='word_1_60' title='bbox 992 835 1115 884; x_wconf 63' lang='lat' dir='ltr'>ritualiani</span> <span class='ocrx_word' id='word_1_61' title='bbox 1134 832 1211 882; x_wconf 83' lang='lat' dir='ltr'>initiis</span> <span class='ocrx_word' id='word_1_62' title='bbox 1225 831 1291 880; x_wconf 85' lang='lat' dir='ltr'>inter</span> <span class='ocrx_word' id='word_1_63' title='bbox 1303 841 1357 876; x_wconf 83' lang='lat' dir='ltr'>snos</span> 
     </span>
     <span class='ocr_line' id='line_1_7' title="bbox 234 903 1357 979; baseline -0.003 -25"><span class='ocrx_word' id='word_1_64' title='bbox 234 903 317 969; x_wconf 89' lang='lat' dir='ltr'>batur,</span> <span class='ocrx_word' id='word_1_65' title='bbox 333 911 391 968; x_wconf 85' lang='grc'>310,</span> <span class='ocrx_word' id='word_1_66' title='bbox 413 909 493 959; x_wconf 88' lang='lat' dir='ltr'>alieno</span> <span class='ocrx_word' id='word_1_67' title='bbox 513 909 559 959; x_wconf 88' lang='lat' dir='ltr'>sub</span> <span class='ocrx_word' id='word_1_68' title='bbox 581 912 638 977; x_wconf 79' lang='lat' dir='ltr'>jugo</span> <span class='ocrx_word' id='word_1_69' title='bbox 661 912 779 979; x_wconf 80' lang='lat' dir='ltr'>integram</span> <span class='ocrx_word' id='word_1_70' title='bbox 810 912 925 963; x_wconf 89' lang='lat' dir='ltr'>distracta</span> <span class='ocrx_word' id='word_1_71' title='bbox 935 911 1047 978; x_wconf 77' lang='lat' dir='ltr'>presides</span> <span class='ocrx_word' id='word_1_72' title='bbox 1062 927 1068 959; x_wconf 77' lang='lat' dir='ltr'>t</span> <span class='ocrx_word' id='word_1_73' title='bbox 1081 924 1187 976; x_wconf 91' lang='lat' dir='ltr'>quorum</span> <span class='ocrx_word' id='word_1_74' title='bbox 1200 922 1279 955; x_wconf 92' lang='lat' dir='ltr'>nuum</span> <span class='ocrx_word' id='word_1_75' title='bbox 1293 911 1357 953; x_wconf 83' lang='lat' dir='ltr'>certe</span> 
     </span>
     <span class='ocr_line' id='line_1_8' title="bbox 235 980 1357 1054; baseline -0.002 -23"><span class='ocrx_word' id='word_1_76' title='bbox 235 980 380 1048; x_wconf 80' lang='lat' dir='ltr'>plenamque</span> <span class='ocrx_word' id='word_1_77' title='bbox 402 986 543 1036; x_wconf 87' lang='lat' dir='ltr'>servitutem</span> <span class='ocrx_word' id='word_1_78' title='bbox 559 1003 627 1052; x_wconf 86' lang='lat' dir='ltr'>passa</span> <span class='ocrx_word' id='word_1_79' title='bbox 650 998 700 1045; x_wconf 78' lang='lat' dir='ltr'>est,</span> <span class='ocrx_word' id='word_1_80' title='bbox 725 998 779 1054; x_wconf 90' lang='lat' dir='ltr'>post</span> <span class='ocrx_word' id='word_1_81' title='bbox 811 986 967 1037; x_wconf 82' lang='lat' dir='ltr'>AEmilianum</span> <span class='ocrx_word' id='word_1_82' title='bbox 978 989 1008 1037; x_wconf 88' lang='lat' dir='ltr'>ad</span> <span class='ocrx_word' id='word_1_83' title='bbox 1023 985 1153 1052; x_wconf 88' lang='lat' dir='ltr'>imperium</span> <span class='ocrx_word' id='word_1_84' title='bbox 1166 984 1285 1049; x_wconf 81' lang='lat' dir='ltr'>aspirasse</span> <span class='ocrx_word' id='word_1_85' title='bbox 1299 996 1357 1029; x_wconf 91' lang='lat' dir='ltr'>cou-</span> 
     </span>
     <span class='ocr_line' id='line_1_9' title="bbox 235 1054 1357 1130; baseline -0.001 -25"><span class='ocrx_word' id='word_1_86' title='bbox 235 1055 282 1106; x_wconf 87' lang='lat' dir='ltr'>hoc</span> <span class='ocrx_word' id='word_1_87' title='bbox 295 1057 347 1108; x_wconf 89' lang='lat' dir='ltr'>sine</span> <span class='ocrx_word' id='word_1_88' title='bbox 361 1060 411 1109; x_wconf 91' lang='lat' dir='ltr'>ullo</span> <span class='ocrx_word' id='word_1_89' title='bbox 425 1062 519 1128; x_wconf 87' lang='lat' dir='ltr'>proprii</span> <span class='ocrx_word' id='word_1_90' title='bbox 539 1062 599 1128; x_wconf 82' lang='lat' dir='ltr'>juris</span> <span class='ocrx_word' id='word_1_91' title='bbox 612 1064 712 1130; x_wconf 79' lang='lat' dir='ltr'>vestigio</span> <span class='ocrx_word' id='word_1_92' title='bbox 726 1066 779 1113; x_wconf 92' lang='lat' dir='ltr'>lon·</span> <span class='ocrx_word' id='word_1_93' title='bbox 810 1074 867 1123; x_wconf 85' lang='lat' dir='ltr'>stat,</span> <span class='ocrx_word' id='word_1_94' title='bbox 882 1065 925 1130; x_wconf 89' lang='lat' dir='ltr'>qui</span> <span class='ocrx_word' id='word_1_95' title='bbox 940 1065 994 1113; x_wconf 89' lang='lat' dir='ltr'>ideo</span> <span class='ocrx_word' id='word_1_96' title='bbox 1005 1063 1070 1113; x_wconf 87' lang='lat' dir='ltr'>inter</span> <span class='ocrx_word' id='word_1_97' title='bbox 1080 1079 1128 1111; x_wconf 73' lang='lat' dir='ltr'>xxa</span> <span class='ocrx_word' id='word_1_98' title='bbox 1143 1070 1261 1126; x_wconf 80' lang='lat' dir='ltr'>tyrannos</span> <span class='ocrx_word' id='word_1_99' title='bbox 1273 1074 1288 1106; x_wconf 87' lang='lat' dir='ltr'>a</span> <span class='ocrx_word' id='word_1_100' title='bbox 1299 1054 1357 1106; x_wconf 80' lang='lat' dir='ltr'>Tre·</span> 
     </span>
     <span class='ocr_line' id='line_1_10' title="bbox 235 1130 1358 1205; baseline 0.002 -26"><span class='ocrx_word' id='word_1_101' title='bbox 235 1130 332 1197; x_wconf 65' lang='lat' dir='ltr'>pinquis</span> <span class='ocrx_word' id='word_1_102' title='bbox 354 1134 451 1186; x_wconf 85' lang='lat' dir='ltr'>subdita</span> <span class='ocrx_word' id='word_1_103' title='bbox 474 1135 668 1202; x_wconf 79' lang='lat' dir='ltr'>imperatoribus,</span> <span class='ocrx_word' id='word_1_104' title='bbox 693 1139 781 1205; x_wconf 76' lang='lat' dir='ltr'>ignotis</span> <span class='ocrx_word' id='word_1_105' title='bbox 811 1137 885 1190; x_wconf 90' lang='lat' dir='ltr'>bellio</span> <span class='ocrx_word' id='word_1_106' title='bbox 900 1148 1052 1189; x_wconf 89' lang='lat' dir='ltr'>numeratur.</span> <span class='ocrx_word' id='word_1_107' title='bbox 1063 1136 1156 1188; x_wconf 79' lang='lat' dir='ltr'>Turbes</span> <span class='ocrx_word' id='word_1_108' title='bbox 1164 1135 1220 1184; x_wconf 83' lang='lat' dir='ltr'>illas</span> <span class='ocrx_word' id='word_1_109' title='bbox 1232 1140 1358 1198; x_wconf 77' lang='lat' dir='ltr'>comparat</span> 
     </span>
     <span class='ocr_line' id='line_1_11' title="bbox 236 1205 1358 1280; baseline 0.002 -26"><span class='ocrx_word' id='word_1_110' title='bbox 236 1205 265 1255; x_wconf 84' lang='lat' dir='ltr'>iis</span> <span class='ocrx_word' id='word_1_111' title='bbox 282 1224 391 1274; x_wconf 78' lang='lat' dir='ltr'>saepeque</span> <span class='ocrx_word' id='word_1_112' title='bbox 405 1211 514 1270; x_wconf 87' lang='lat' dir='ltr'>mutatis,</span> <span class='ocrx_word' id='word_1_113' title='bbox 528 1229 588 1278; x_wconf 78' lang='lat' dir='ltr'>saepe</span> <span class='ocrx_word' id='word_1_114' title='bbox 602 1229 718 1263; x_wconf 79' lang='lat' dir='ltr'>conversa</span> <span class='ocrx_word' id='word_1_115' title='bbox 730 1214 780 1263; x_wconf 82' lang='lat' dir='ltr'>for·</span> <span class='ocrx_word' id='word_1_116' title='bbox 812 1223 884 1280; x_wconf 90' lang='lat' dir='ltr'>poeta</span> <span class='ocrx_word' id='word_1_117' title='bbox 897 1231 954 1264; x_wconf 89' lang='lat' dir='ltr'>cum</span> <span class='ocrx_word' id='word_1_118' title='bbox 967 1215 1042 1263; x_wconf 87' lang='lat' dir='ltr'>nimia</span> <span class='ocrx_word' id='word_1_119' title='bbox 1058 1213 1193 1280; x_wconf 71' lang='lat' dir='ltr'>sepiusque</span> <span class='ocrx_word' id='word_1_120' title='bbox 1209 1208 1358 1259; x_wconf 86' lang='lat' dir='ltr'>tumultuosa</span> 
     </span>
     <span class='ocr_line' id='line_1_12' title="bbox 236 1284 1428 1355; baseline 0.002 -24"><span class='ocrx_word' id='word_1_121' title='bbox 236 1291 300 1332; x_wconf 78' lang='lat' dir='ltr'>tunae</span> <span class='ocrx_word' id='word_1_122' title='bbox 311 1284 362 1334; x_wconf 78' lang='lat' dir='ltr'>rice</span> <span class='ocrx_word' id='word_1_123' title='bbox 373 1286 486 1352; x_wconf 84' lang='lat' dir='ltr'>inopinos</span> <span class='ocrx_word' id='word_1_124' title='bbox 499 1289 675 1354; x_wconf 75' lang='lat' dir='ltr'>accipientibus</span> <span class='ocrx_word' id='word_1_125' title='bbox 687 1306 780 1340; x_wconf 84' lang='lat' dir='ltr'>succes·</span> <span class='ocrx_word' id='word_1_126' title='bbox 812 1291 981 1340; x_wconf 65' lang='lat' dir='ltr'>Alexandrinae</span> <span class='ocrx_word' id='word_1_127' title='bbox 1002 1289 1079 1355; x_wconf 85' lang='lat' dir='ltr'>plebis</span> <span class='ocrx_word' id='word_1_128' title='bbox 1096 1286 1259 1353; x_wconf 80' lang='lat' dir='ltr'>trepidatione</span> <span class='ocrx_word' id='word_1_129' title='bbox 1272 1284 1358 1334; x_wconf 84' lang='lat' dir='ltr'>solem·</span> <span class='ocrx_word' id='word_1_130' title='bbox 1426 1336 1428 1342; x_wconf 24' lang='lat' dir='ltr'><strong><em>s</em></strong></span> 
     </span>
     <span class='ocr_line' id='line_1_13' title="bbox 235 1360 1359 1431; baseline 0.002 -23"><span class='ocrx_word' id='word_1_131' title='bbox 235 1375 300 1409; x_wconf 87' lang='lat' dir='ltr'>sores</span> <span class='ocrx_word' id='word_1_132' title='bbox 322 1376 329 1410; x_wconf 85' lang='lat'>:</span> <span class='ocrx_word' id='word_1_133' title='bbox 350 1361 384 1410; x_wconf 87' lang='lat' dir='ltr'>sic</span> <span class='ocrx_word' id='word_1_134' title='bbox 402 1362 468 1412; x_wconf 88' lang='lat' dir='ltr'>enim</span> <span class='ocrx_word' id='word_1_135' title='bbox 485 1365 620 1430; x_wconf 76' lang='grc' dir='ltr'><strong>πολύεδρον</strong></span> <span class='ocrx_word' id='word_1_136' title='bbox 638 1367 781 1431; x_wconf 87' lang='lat' dir='ltr'>interpreta-</span> <span class='ocrx_word' id='word_1_137' title='bbox 812 1365 884 1414; x_wconf 90' lang='lat' dir='ltr'>nibus</span> <span class='ocrx_word' id='word_1_138' title='bbox 909 1366 1054 1430; x_wconf 88' lang='lat' dir='ltr'>quibusdam</span> <span class='ocrx_word' id='word_1_139' title='bbox 1076 1364 1162 1414; x_wconf 89' lang='lat' dir='ltr'>diebus</span> <span class='ocrx_word' id='word_1_140' title='bbox 1187 1360 1359 1412; x_wconf 74' lang='lat' dir='ltr'>cousiriornm</span> 
     </span>
     <span class='ocr_line' id='line_1_14' title="bbox 236 1437 1062 1508; baseline 0.01 -25"><span class='ocrx_word' id='word_1_141' title='bbox 236 1449 307 1495; x_wconf 84' lang='lat' dir='ltr'>mur,</span> <span class='ocrx_word' id='word_1_142' title='bbox 322 1453 420 1502; x_wconf 83' lang='lat' dir='ltr'>prorsus</span> <span class='ocrx_word' id='word_1_143' title='bbox 431 1447 457 1488; x_wconf 92' lang='lat' dir='ltr'>ut</span> <span class='ocrx_word' id='word_1_144' title='bbox 466 1437 497 1498; x_wconf 83' lang='lat' dir='ltr'>V,</span> <span class='ocrx_word' id='word_1_145' title='bbox 510 1443 566 1502; x_wconf 88' lang='lat'>111,</span> <span class='ocrx_word' id='word_1_146' title='bbox 579 1444 779 1508; x_wconf 73' lang='grc' dir='ltr'><strong>πολυκοιρανίην,</strong></span> <span class='ocrx_word' id='word_1_147' title='bbox 813 1441 967 1507; x_wconf 89' lang='lat' dir='ltr'>publicorum</span> <span class='ocrx_word' id='word_1_148' title='bbox 980 1458 1062 1491; x_wconf 88' lang='lat' dir='ltr'>cansa.</span> 
     </span>
     <span class='ocr_line' id='line_1_15' title="bbox 236 1509 1357 1583; baseline 0.003 -24"><span class='ocrx_word' id='word_1_149' title='bbox 236 1526 286 1559; x_wconf 90' lang='lat' dir='ltr'>non</span> <span class='ocrx_word' id='word_1_150' title='bbox 298 1512 329 1560; x_wconf 90' lang='lat' dir='ltr'>de</span> <span class='ocrx_word' id='word_1_151' title='bbox 337 1513 498 1579; x_wconf 88' lang='lat' dir='ltr'>multipartita</span> <span class='ocrx_word' id='word_1_152' title='bbox 508 1515 682 1580; x_wconf 84' lang='lat' dir='ltr'>dominatione,</span> <span class='ocrx_word' id='word_1_153' title='bbox 697 1519 738 1568; x_wconf 84' lang='lat' dir='ltr'>sed</span> <span class='ocrx_word' id='word_1_154' title='bbox 752 1519 781 1568; x_wconf 86' lang='lat' dir='ltr'>de</span> <span class='ocrx_word' id='word_1_155' title='bbox 847 1520 907 1578; x_wconf 79' lang='lat'><strong>326,</strong></span> <span class='ocrx_word' id='word_1_156' title='bbox 926 1534 980 1583; x_wconf 84' lang='lat' dir='ltr'>sqq.</span> <span class='ocrx_word' id='word_1_157' title='bbox 1000 1517 1139 1568; x_wconf 82' lang='lat' dir='ltr'>Notandum</span> <span class='ocrx_word' id='word_1_158' title='bbox 1159 1530 1244 1565; x_wconf 85' lang='lat' dir='ltr'>rursus</span> <span class='ocrx_word' id='word_1_159' title='bbox 1266 1509 1357 1577; x_wconf 72' lang='lat' dir='ltr'>ingredi</span> 
     </span>
     <span class='ocr_line' id='line_1_16' title="bbox 235 1585 1358 1656; baseline 0.002 -21"><span class='ocrx_word' id='word_1_160' title='bbox 235 1585 322 1636; x_wconf 81' lang='lat' dir='ltr'>crebra</span> <span class='ocrx_word' id='word_1_161' title='bbox 333 1588 510 1638; x_wconf 87' lang='lat' dir='ltr'>dominantium</span> <span class='ocrx_word' id='word_1_162' title='bbox 524 1593 683 1642; x_wconf 83' lang='lat' dir='ltr'>successione.</span> <span class='ocrx_word' id='word_1_163' title='bbox 813 1592 927 1642; x_wconf 84' lang='lat' dir='ltr'>Nostrum</span> <span class='ocrx_word' id='word_1_164' title='bbox 944 1594 1007 1644; x_wconf 84' lang='lat' dir='ltr'>viam</span> <span class='ocrx_word' id='word_1_165' title='bbox 1020 1594 1129 1643; x_wconf 84' lang='lat' dir='ltr'>camdem</span> <span class='ocrx_word' id='word_1_166' title='bbox 1149 1608 1197 1656; x_wconf 90' lang='lat' dir='ltr'>qua</span> <span class='ocrx_word' id='word_1_167' title='bbox 1215 1604 1289 1653; x_wconf 80' lang='lat' dir='ltr'>supra</span> <span class='ocrx_word' id='word_1_168' title='bbox 1304 1602 1358 1652; x_wconf 87' lang='lat' dir='ltr'>per·</span> 
     </span>
     <span class='ocr_line' id='line_1_17' title="bbox 271 1662 1359 1735; baseline 0 -24"><span class='ocrx_word' id='word_1_169' title='bbox 271 1665 328 1714; x_wconf 78' lang='lat' dir='ltr'>att.</span> <span class='ocrx_word' id='word_1_170' title='bbox 347 1663 407 1724; x_wconf 85' lang='lat' dir='ltr'>Quis</span> <span class='ocrx_word' id='word_1_171' title='bbox 420 1681 470 1713; x_wconf 91' lang='lat' dir='ltr'>non</span> <span class='ocrx_word' id='word_1_172' title='bbox 491 1664 627 1717; x_wconf 87' lang='lat' dir='ltr'>Siculorum</span> <span class='ocrx_word' id='word_1_173' title='bbox 647 1669 781 1719; x_wconf 81' lang='lat' dir='ltr'>exercitum</span> <span class='ocrx_word' id='word_1_174' title='bbox 813 1670 1080 1735; x_wconf 69' lang='lat' dir='ltr'>peredepreheususest</span> <span class='ocrx_word' id='word_1_175' title='bbox 1089 1669 1134 1718; x_wconf 90' lang='lat' dir='ltr'>sub</span> <span class='ocrx_word' id='word_1_176' title='bbox 1144 1668 1216 1717; x_wconf 84' lang='lat' dir='ltr'>linem</span> <span class='ocrx_word' id='word_1_177' title='bbox 1226 1663 1284 1714; x_wconf 74' lang='lat' dir='ltr'>libra¹</span> <span class='ocrx_word' id='word_1_178' title='bbox 1293 1662 1359 1729; x_wconf 91' lang='lat' dir='ltr'>prio·</span> 
     </span>
     <span class='ocr_line' id='line_1_18' title="bbox 236 1735 1358 1811; baseline 0.001 -25"><span class='ocrx_word' id='word_1_179' title='bbox 236 1735 285 1787; x_wconf 86' lang='lat' dir='ltr'>huc</span> <span class='ocrx_word' id='word_1_180' title='bbox 298 1737 386 1788; x_wconf 89' lang='lat' dir='ltr'>adduci</span> <span class='ocrx_word' id='word_1_181' title='bbox 400 1740 511 1796; x_wconf 86' lang='lat' dir='ltr'>miretur,</span> <span class='ocrx_word' id='word_1_182' title='bbox 527 1743 603 1807; x_wconf 75' lang='lat' dir='ltr'>gentis</span> <span class='ocrx_word' id='word_1_183' title='bbox 612 1745 744 1810; x_wconf 75' lang='lat' dir='ltr'>antiquatae</span> <span class='ocrx_word' id='word_1_184' title='bbox 757 1756 781 1795; x_wconf 87' lang='lat' dir='ltr'>et</span> <span class='ocrx_word' id='word_1_185' title='bbox 813 1744 879 1794; x_wconf 87' lang='lat' dir='ltr'>risct</span> <span class='ocrx_word' id='word_1_186' title='bbox 890 1745 963 1811; x_wconf 85' lang='lat' dir='ltr'>hujus</span> <span class='ocrx_word' id='word_1_187' title='bbox 975 1746 1081 1795; x_wconf 89' lang='lat' dir='ltr'>initium.</span> <span class='ocrx_word' id='word_1_188' title='bbox 1097 1745 1190 1794; x_wconf 85' lang='lat' dir='ltr'>Rursus</span> <span class='ocrx_word' id='word_1_189' title='bbox 1199 1742 1293 1807; x_wconf 89' lang='lat' dir='ltr'>quippe</span> <span class='ocrx_word' id='word_1_190' title='bbox 1299 1739 1358 1788; x_wconf 87' lang='lat' dir='ltr'>alle·</span> 
     </span>
     <span class='ocr_line' id='line_1_19' title="bbox 236 1811 1359 1885; baseline -0.001 -23"><span class='ocrx_word' id='word_1_191' title='bbox 236 1812 379 1873; x_wconf 76' lang='lat' dir='ltr'>obliterata,</span> <span class='ocrx_word' id='word_1_192' title='bbox 391 1815 535 1881; x_wconf 87' lang='lat' dir='ltr'>jampridem</span> <span class='ocrx_word' id='word_1_193' title='bbox 545 1835 573 1866; x_wconf 78' lang='lat' dir='ltr'>cs</span> <span class='ocrx_word' id='word_1_194' title='bbox 586 1819 711 1869; x_wconf 86' lang='lat' dir='ltr'>nationum</span> <span class='ocrx_word' id='word_1_195' title='bbox 725 1820 781 1870; x_wconf 88' lang='lat' dir='ltr'>albo</span> <span class='ocrx_word' id='word_1_196' title='bbox 813 1821 936 1885; x_wconf 78' lang='lat' dir='ltr'>goriarum</span> <span class='ocrx_word' id='word_1_197' title='bbox 949 1823 1003 1871; x_wconf 77' lang='lat' dir='ltr'>velo</span> <span class='ocrx_word' id='word_1_198' title='bbox 1014 1822 1101 1881; x_wconf 84' lang='lat' dir='ltr'>utitur,</span> <span class='ocrx_word' id='word_1_199' title='bbox 1117 1817 1296 1869; x_wconf 83' lang='lat' dir='ltr'>occultantium</span> <span class='ocrx_word' id='word_1_200' title='bbox 1315 1811 1359 1862; x_wconf 85' lang='lat' dir='ltr'>sub</span> 
     </span>
     <span class='ocr_line' id='line_1_20' title="bbox 235 1888 1358 1960; baseline 0.001 -23"><span class='ocrx_word' id='word_1_201' title='bbox 235 1889 339 1938; x_wconf 78' lang='lat' dir='ltr'>deletae?</span> <span class='ocrx_word' id='word_1_202' title='bbox 351 1888 397 1940; x_wconf 87' lang='lat' dir='ltr'>Sed</span> <span class='ocrx_word' id='word_1_203' title='bbox 407 1908 452 1956; x_wconf 94' lang='lat' dir='ltr'>pro</span> <span class='ocrx_word' id='word_1_204' title='bbox 461 1894 567 1943; x_wconf 81' lang='grc' dir='ltr'><strong>Σικελῶν</strong></span> <span class='ocrx_word' id='word_1_205' title='bbox 580 1895 708 1960; x_wconf 76' lang='lat' dir='ltr'>legendnm</span> <span class='ocrx_word' id='word_1_206' title='bbox 717 1895 782 1947; x_wconf 88' lang='lat' dir='ltr'>hand</span> <span class='ocrx_word' id='word_1_207' title='bbox 813 1895 897 1946; x_wconf 82' lang='lat' dir='ltr'>ferinis</span> <span class='ocrx_word' id='word_1_208' title='bbox 907 1907 952 1946; x_wconf 89' lang='lat' dir='ltr'>aut</span> <span class='ocrx_word' id='word_1_209' title='bbox 968 1896 1108 1947; x_wconf 87' lang='lat' dir='ltr'>bestialibus</span> <span class='ocrx_word' id='word_1_210' title='bbox 1122 1895 1204 1959; x_wconf 81' lang='lat' dir='ltr'>liguris</span> <span class='ocrx_word' id='word_1_211' title='bbox 1221 1907 1292 1941; x_wconf 72' lang='lat' dir='ltr'>veras</span> <span class='ocrx_word' id='word_1_212' title='bbox 1306 1904 1358 1955; x_wconf 85' lang='lat' dir='ltr'>per-</span> 
     </span>
     <span class='ocr_line' id='line_1_21' title="bbox 236 1963 1359 2038; baseline -0.001 -24"><span class='ocrx_word' id='word_1_213' title='bbox 236 1963 310 2014; x_wconf 88' lang='lat' dir='ltr'>dubie</span> <span class='ocrx_word' id='word_1_214' title='bbox 323 1967 444 2017; x_wconf 79' lang='grc' dir='ltr'><strong>Σιιυθέων.</strong></span> <span class='ocrx_word' id='word_1_215' title='bbox 458 1967 556 2033; x_wconf 78' lang='lat' dir='ltr'>Scytha</span> <span class='ocrx_word' id='word_1_216' title='bbox 570 1971 650 2031; x_wconf 88' lang='lat' dir='ltr'>enim,</span> <span class='ocrx_word' id='word_1_217' title='bbox 666 1988 708 2021; x_wconf 88' lang='lat' dir='ltr'>sen</span> <span class='ocrx_word' id='word_1_218' title='bbox 721 1988 781 2022; x_wconf 90' lang='lat' dir='ltr'>cou-</span> <span class='ocrx_word' id='word_1_219' title='bbox 814 1989 904 2022; x_wconf 85' lang='lat' dir='ltr'>sonas:</span> <span class='ocrx_word' id='word_1_220' title='bbox 918 1974 1034 2038; x_wconf 85' lang='lat' dir='ltr'>adquam</span> <span class='ocrx_word' id='word_1_221' title='bbox 1047 1969 1215 2023; x_wconf 82' lang='lat' dir='ltr'>dissimulaudi</span> <span class='ocrx_word' id='word_1_222' title='bbox 1237 1966 1359 2017; x_wconf 86' lang='lat' dir='ltr'>rationem</span> 
     </span>
     <span class='ocr_line' id='line_1_22' title="bbox 236 2040 1359 2113; baseline 0 -24"><span class='ocrx_word' id='word_1_223' title='bbox 236 2054 334 2104; x_wconf 79' lang='lat' dir='ltr'>gesseras</span> <span class='ocrx_word' id='word_1_224' title='bbox 347 2040 378 2092; x_wconf 88' lang='lat' dir='ltr'>iis</span> <span class='ocrx_word' id='word_1_225' title='bbox 386 2043 480 2108; x_wconf 89' lang='lat' dir='ltr'>populi,</span> <span class='ocrx_word' id='word_1_226' title='bbox 491 2045 716 2109; x_wconf 81' lang='lat' dir='ltr'>septentrionalium</span> <span class='ocrx_word' id='word_1_227' title='bbox 728 2048 781 2113; x_wconf 88' lang='lat' dir='ltr'>pla·</span> <span class='ocrx_word' id='word_1_228' title='bbox 813 2047 868 2097; x_wconf 89' lang='lat' dir='ltr'>ideo</span> <span class='ocrx_word' id='word_1_229' title='bbox 879 2065 945 2098; x_wconf 90' lang='lat' dir='ltr'>nune</span> <span class='ocrx_word' id='word_1_230' title='bbox 958 2049 1032 2099; x_wconf 87' lang='lat' dir='ltr'>etiam</span> <span class='ocrx_word' id='word_1_231' title='bbox 1040 2047 1156 2112; x_wconf 77' lang='lat' dir='ltr'>confugit,</span> <span class='ocrx_word' id='word_1_232' title='bbox 1169 2043 1237 2109; x_wconf 87' lang='lat' dir='ltr'>qnod</span> <span class='ocrx_word' id='word_1_233' title='bbox 1248 2040 1359 2092; x_wconf 86' lang='lat' dir='ltr'>derebus</span> 
     </span>
     <span class='ocr_line' id='line_1_23' title="bbox 236 2114 1359 2189; baseline -0.002 -25"><span class='ocrx_word' id='word_1_234' title='bbox 236 2131 321 2178; x_wconf 74' lang='lat' dir='ltr'>garum</span> <span class='ocrx_word' id='word_1_235' title='bbox 341 2116 436 2176; x_wconf 76' lang='lat' dir='ltr'>incole,</span> <span class='ocrx_word' id='word_1_236' title='bbox 455 2128 482 2169; x_wconf 93' lang='lat' dir='ltr'>nt</span> <span class='ocrx_word' id='word_1_237' title='bbox 503 2119 552 2184; x_wconf 87' lang='lat' dir='ltr'>jam</span> <span class='ocrx_word' id='word_1_238' title='bbox 571 2121 705 2186; x_wconf 83' lang='lat' dir='ltr'>antiquitus</span> <span class='ocrx_word' id='word_1_239' title='bbox 725 2123 782 2188; x_wconf 83' lang='lat' dir='ltr'>ipsis</span> <span class='ocrx_word' id='word_1_240' title='bbox 813 2123 1266 2189; x_wconf 82' lang='lat' dir='ltr'>ethominibussuitemporisacturus</span> <span class='ocrx_word' id='word_1_241' title='bbox 1275 2114 1359 2181; x_wconf 83' lang='lat' dir='ltr'>majori</span> 
     </span>
     <span class='ocr_line' id='line_1_24' title="bbox 238 2191 1358 2266; baseline 0.003 -28"><span class='ocrx_word' id='word_1_242' title='bbox 238 2191 345 2250; x_wconf 72' lang='lat' dir='ltr'>solitum,</span> <span class='ocrx_word' id='word_1_243' title='bbox 357 2210 441 2244; x_wconf 81' lang='lat' dir='ltr'>rursus</span> <span class='ocrx_word' id='word_1_244' title='bbox 451 2203 502 2243; x_wconf 92' lang='lat' dir='ltr'>tum</span> <span class='ocrx_word' id='word_1_245' title='bbox 510 2205 563 2262; x_wconf 89' lang='lat' dir='ltr'>post</span> <span class='ocrx_word' id='word_1_246' title='bbox 573 2196 667 2262; x_wconf 79' lang='lat' dir='ltr'>longam</span> <span class='ocrx_word' id='word_1_247' title='bbox 675 2197 782 2262; x_wconf 89' lang='lat' dir='ltr'>quietem</span> <span class='ocrx_word' id='word_1_248' title='bbox 813 2200 1031 2266; x_wconf 81' lang='lat' dir='ltr'>circumspectione</span> <span class='ocrx_word' id='word_1_249' title='bbox 1056 2216 1117 2264; x_wconf 90' lang='lat' dir='ltr'>opus</span> <span class='ocrx_word' id='word_1_250' title='bbox 1143 2196 1189 2246; x_wconf 88' lang='lat' dir='ltr'>sibi</span> <span class='ocrx_word' id='word_1_251' title='bbox 1206 2203 1278 2262; x_wconf 88' lang='lat' dir='ltr'>putet</span> <span class='ocrx_word' id='word_1_252' title='bbox 1301 2208 1358 2242; x_wconf 79' lang='lat' dir='ltr'>esse</span> 
     </span>
     <span class='ocr_line' id='line_1_25' title="bbox 237 2265 1359 2341; baseline 0.001 -26"><span class='ocrx_word' id='word_1_253' title='bbox 237 2265 264 2316; x_wconf 94' lang='lat' dir='ltr'>in</span> <span class='ocrx_word' id='word_1_254' title='bbox 284 2267 366 2318; x_wconf 80' lang='lat' dir='ltr'>Asiam</span> <span class='ocrx_word' id='word_1_255' title='bbox 389 2280 585 2335; x_wconf 80' lang='lat' dir='ltr'>penetraverant,</span> <span class='ocrx_word' id='word_1_256' title='bbox 603 2273 677 2322; x_wconf 90' lang='lat' dir='ltr'>immo</span> <span class='ocrx_word' id='word_1_257' title='bbox 690 2276 721 2324; x_wconf 90' lang='lat' dir='ltr'>ad</span> <span class='ocrx_word' id='word_1_258' title='bbox 737 2275 782 2341; x_wconf 78' lang='lat' dir='ltr'>ny·</span> <span class='ocrx_word' id='word_1_259' title='bbox 814 2275 889 2340; x_wconf 79' lang='lat' dir='ltr'>atqui</span> <span class='ocrx_word' id='word_1_260' title='bbox 909 2293 974 2325; x_wconf 89' lang='lat' dir='ltr'>nunc</span> <span class='ocrx_word' id='word_1_261' title='bbox 1000 2267 1359 2340; x_wconf 69' lang='lat' dir='ltr'>quatuorbujusmoditignre</span> 
     </span>
     <span class='ocr_line' id='line_1_26' title="bbox 237 2341 1359 2418; baseline 0.007 -26"><span class='ocrx_word' id='word_1_262' title='bbox 237 2342 299 2392; x_wconf 89' lang='lat' dir='ltr'>ciam</span> <span class='ocrx_word' id='word_1_263' title='bbox 323 2361 399 2410; x_wconf 85' lang='lat' dir='ltr'>usque</span> <span class='ocrx_word' id='word_1_264' title='bbox 417 2358 592 2413; x_wconf 85' lang='lat' dir='ltr'>processerant,</span> <span class='ocrx_word' id='word_1_265' title='bbox 619 2347 703 2404; x_wconf 78' lang='lat' dir='ltr'>sanni,</span> <span class='ocrx_word' id='word_1_266' title='bbox 724 2350 783 2400; x_wconf 82' lang='lat' dir='ltr'>Car·</span> <span class='ocrx_word' id='word_1_267' title='bbox 814 2351 840 2400; x_wconf 91' lang='lat' dir='ltr'>in</span> <span class='ocrx_word' id='word_1_268' title='bbox 863 2351 970 2401; x_wconf 90' lang='lat' dir='ltr'>medium</span> <span class='ocrx_word' id='word_1_269' title='bbox 983 2352 1112 2418; x_wconf 88' lang='lat' dir='ltr'>prodeunt.</span> <span class='ocrx_word' id='word_1_270' title='bbox 1129 2349 1210 2397; x_wconf 85' lang='lat' dir='ltr'>Prima</span> <span class='ocrx_word' id='word_1_271' title='bbox 1227 2341 1359 2411; x_wconf 76' lang='lat' dir='ltr'>serpentia·</span> 
     </span>
     <span class='ocr_line' id='line_1_27' title="bbox 238 2417 1359 2491; baseline 0.005 -25"><span class='ocrx_word' id='word_1_272' title='bbox 238 2417 278 2484; x_wconf 89' lang='lat' dir='ltr'>pi,</span> <span class='ocrx_word' id='word_1_273' title='bbox 293 2430 351 2479; x_wconf 79' lang='lat' dir='ltr'>etc,</span> <span class='ocrx_word' id='word_1_274' title='bbox 366 2420 437 2480; x_wconf 86' lang='lat' dir='ltr'>lllll,</span> <span class='ocrx_word' id='word_1_275' title='bbox 455 2424 516 2483; x_wconf 68' lang='lat'>140,</span> <span class='ocrx_word' id='word_1_276' title='bbox 533 2428 575 2473; x_wconf 76' lang='lat' dir='ltr'>lat</span> <span class='ocrx_word' id='word_1_277' title='bbox 595 2439 602 2473; x_wconf 74' lang='grc' dir='ltr'>ε</span> <span class='ocrx_word' id='word_1_278' title='bbox 617 2433 642 2474; x_wconf 88' lang='lat' dir='ltr'>et</span> <span class='ocrx_word' id='word_1_279' title='bbox 656 2425 742 2489; x_wconf 91' lang='lat' dir='ltr'>quidni</span> <span class='ocrx_word' id='word_1_280' title='bbox 756 2426 782 2476; x_wconf 90' lang='lat' dir='ltr'>in</span> <span class='ocrx_word' id='word_1_281' title='bbox 813 2443 868 2491; x_wconf 75' lang='lat' dir='ltr'>quie</span> <span class='ocrx_word' id='word_1_282' title='bbox 881 2429 1014 2477; x_wconf 79' lang='lat' dir='ltr'>necessario</span> <span class='ocrx_word' id='word_1_283' title='bbox 1026 2426 1157 2476; x_wconf 79' lang='lat' dir='ltr'>debetesse</span> <span class='ocrx_word' id='word_1_284' title='bbox 1168 2423 1297 2473; x_wconf 83' lang='lat' dir='ltr'>Persarum</span> <span class='ocrx_word' id='word_1_285' title='bbox 1307 2434 1359 2480; x_wconf 75' lang='lat' dir='ltr'>rex,</span> 
     </span>
     <span class='ocr_line' id='line_1_28' title="bbox 238 2493 1361 2568; baseline 0.005 -25"><span class='ocrx_word' id='word_1_286' title='bbox 238 2493 368 2561; x_wconf 76' lang='lat' dir='ltr'>AEgyptum</span> <span class='ocrx_word' id='word_1_287' title='bbox 383 2513 496 2562; x_wconf 84' lang='lat' dir='ltr'>quoquc.</span> <span class='ocrx_word' id='word_1_288' title='bbox 511 2507 585 2562; x_wconf 85' lang='lat' dir='ltr'>atque</span> <span class='ocrx_word' id='word_1_289' title='bbox 596 2498 650 2548; x_wconf 87' lang='lat' dir='ltr'>ideo</span> <span class='ocrx_word' id='word_1_290' title='bbox 664 2500 689 2548; x_wconf 93' lang='lat' dir='ltr'>in</span> <span class='ocrx_word' id='word_1_291' title='bbox 703 2500 781 2567; x_wconf 85' lang='lat' dir='ltr'>Sibyl·</span> <span class='ocrx_word' id='word_1_292' title='bbox 814 2503 848 2552; x_wconf 88' lang='lat' dir='ltr'>sic</span> <span class='ocrx_word' id='word_1_293' title='bbox 858 2503 920 2552; x_wconf 90' lang='lat' dir='ltr'>libro</span> <span class='ocrx_word' id='word_1_294' title='bbox 930 2504 984 2552; x_wconf 67' lang='lat' dir='ltr'>llll</span> <span class='ocrx_word' id='word_1_295' title='bbox 1000 2503 1144 2568; x_wconf 77' lang='lat' dir='ltr'>designatus.</span> <span class='ocrx_word' id='word_1_296' title='bbox 1160 2500 1219 2549; x_wconf 86' lang='lat' dir='ltr'>Tres</span> <span class='ocrx_word' id='word_1_297' title='bbox 1233 2503 1361 2561; x_wconf 64' lang='lat' dir='ltr'>seqtrenlss</span> 
     </span>
     <span class='ocr_line' id='line_1_29' title="bbox 237 2568 1359 2643; baseline 0 -24"><span class='ocrx_word' id='word_1_298' title='bbox 237 2568 312 2620; x_wconf 91' lang='lat' dir='ltr'>linam</span> <span class='ocrx_word' id='word_1_299' title='bbox 323 2572 426 2638; x_wconf 73' lang='lat' dir='ltr'>poesim,</span> <span class='ocrx_word' id='word_1_300' title='bbox 439 2583 585 2639; x_wconf 82' lang='lat' dir='ltr'>penetrasset</span> <span class='ocrx_word' id='word_1_301' title='bbox 598 2591 683 2624; x_wconf 86' lang='lat' dir='ltr'>eorum</span> <span class='ocrx_word' id='word_1_302' title='bbox 694 2575 782 2627; x_wconf 82' lang='lat' dir='ltr'>timor?</span> <span class='ocrx_word' id='word_1_303' title='bbox 814 2579 916 2628; x_wconf 85' lang='lat' dir='ltr'>totidem</span> <span class='ocrx_word' id='word_1_304' title='bbox 930 2588 987 2628; x_wconf 89' lang='lat' dir='ltr'>sunt</span> <span class='ocrx_word' id='word_1_305' title='bbox 999 2579 1030 2629; x_wconf 83' lang='lat' dir='ltr'>ad</span> <span class='ocrx_word' id='word_1_306' title='bbox 1041 2577 1170 2643; x_wconf 85' lang='lat' dir='ltr'>imperinm</span> <span class='ocrx_word' id='word_1_307' title='bbox 1178 2572 1359 2640; x_wconf 85' lang='lat' dir='ltr'>competitores,</span> 
     </span>
     <span class='ocr_line' id='line_1_30' title="bbox 272 2644 1360 2719; baseline -0.002 -21"><span class='ocrx_word' id='word_1_308' title='bbox 272 2651 330 2710; x_wconf 72' lang='lat' dir='ltr'>dli,</span> <span class='ocrx_word' id='word_1_309' title='bbox 345 2665 397 2713; x_wconf 90' lang='lat' dir='ltr'>sqq.</span> <span class='ocrx_word' id='word_1_310' title='bbox 412 2648 490 2714; x_wconf 91' lang='lat' dir='ltr'>Supra</span> <span class='ocrx_word' id='word_1_311' title='bbox 499 2651 531 2699; x_wconf 91' lang='lat' dir='ltr'>ad</span> <span class='ocrx_word' id='word_1_312' title='bbox 546 2667 641 2700; x_wconf 85' lang='lat' dir='ltr'>versum</span> <span class='ocrx_word' id='word_1_313' title='bbox 656 2654 685 2701; x_wconf 83' lang='grc'>13</span> <span class='ocrx_word' id='word_1_314' title='bbox 699 2652 782 2702; x_wconf 89' lang='lat' dir='ltr'>obser·</span> <span class='ocrx_word' id='word_1_315' title='bbox 814 2670 918 2719; x_wconf 92' lang='lat' dir='ltr'>qnorum</span> <span class='ocrx_word' id='word_1_316' title='bbox 933 2655 981 2704; x_wconf 88' lang='lat' dir='ltr'>duo</span> <span class='ocrx_word' id='word_1_317' title='bbox 994 2654 1095 2704; x_wconf 78' lang='lat' dir='ltr'>tortasse</span> <span class='ocrx_word' id='word_1_318' title='bbox 1104 2669 1153 2702; x_wconf 92' lang='lat' dir='ltr'>non</span> <span class='ocrx_word' id='word_1_319' title='bbox 1164 2665 1263 2717; x_wconf 87' lang='lat' dir='ltr'>prorsus</span> <span class='ocrx_word' id='word_1_320' title='bbox 1275 2644 1360 2712; x_wconf 72' lang='lat' dir='ltr'>ignoti,</span> 
     </span>
     <span class='ocr_line' id='line_1_31' title="bbox 237 2721 1358 2795; baseline 0.001 -24"><span class='ocrx_word' id='word_1_321' title='bbox 237 2721 346 2772; x_wconf 73' lang='lat' dir='ltr'>vanmus</span> <span class='ocrx_word' id='word_1_322' title='bbox 369 2724 454 2774; x_wconf 92' lang='lat' dir='ltr'>miram</span> <span class='ocrx_word' id='word_1_323' title='bbox 477 2742 534 2775; x_wconf 88' lang='lat' dir='ltr'>sane</span> <span class='ocrx_word' id='word_1_324' title='bbox 553 2727 684 2792; x_wconf 79' lang='lat' dir='ltr'>Sibylliste</span> <span class='ocrx_word' id='word_1_325' title='bbox 708 2730 782 2779; x_wconf 91' lang='lat' dir='ltr'>nostri</span> <span class='ocrx_word' id='word_1_326' title='bbox 814 2729 1012 2794; x_wconf 84' lang='lat' dir='ltr'>AEmiliannsjam</span> <span class='ocrx_word' id='word_1_327' title='bbox 1023 2728 1196 2795; x_wconf 87' lang='lat' dir='ltr'>supradictus,</span> <span class='ocrx_word' id='word_1_328' title='bbox 1212 2735 1239 2775; x_wconf 91' lang='lat' dir='ltr'>et</span> <span class='ocrx_word' id='word_1_329' title='bbox 1255 2724 1358 2783; x_wconf 84' lang='lat' dir='ltr'>Firmus,</span> 
     </span>
     <span class='ocr_line' id='line_1_32' title="bbox 237 2800 1358 2871; baseline 0.013 -24"><span class='ocrx_word' id='word_1_330' title='bbox 237 2800 428 2849; x_wconf 81' lang='lat' dir='ltr'>taciturnitatem</span> <span class='ocrx_word' id='word_1_331' title='bbox 441 2800 471 2849; x_wconf 88' lang='lat' dir='ltr'>de</span> <span class='ocrx_word' id='word_1_332' title='bbox 485 2800 588 2851; x_wconf 87' lang='lat' dir='ltr'>Odenati</span> <span class='ocrx_word' id='word_1_333' title='bbox 602 2813 693 2866; x_wconf 90' lang='lat' dir='ltr'>morte,</span> <span class='ocrx_word' id='word_1_334' title='bbox 710 2822 783 2869; x_wconf 90' lang='lat' dir='ltr'>quam</span> <span class='ocrx_word' id='word_1_335' title='bbox 814 2822 887 2870; x_wconf 87' lang='lat' dir='ltr'>quem</span> <span class='ocrx_word' id='word_1_336' title='bbox 907 2806 1024 2871; x_wconf 83' lang='lat' dir='ltr'>Vopiscus</span> <span class='ocrx_word' id='word_1_337' title='bbox 1044 2815 1138 2866; x_wconf 86' lang='lat' dir='ltr'>narrat,</span> <span class='ocrx_word' id='word_1_338' title='bbox 1156 2819 1210 2869; x_wconf 72' lang='lat' dir='ltr'>pag.</span> <span class='ocrx_word' id='word_1_339' title='bbox 1234 2805 1299 2861; x_wconf 78' lang='lat'><strong>25³,</strong></span> <span class='ocrx_word' id='word_1_340' title='bbox 1320 2800 1358 2849; x_wconf 70' lang='lat' dir='ltr'>“l-</span> 
     </span>
     <span class='ocr_line' id='line_1_33' title="bbox 237 2875 1359 2947; baseline 0.002 -25"><span class='ocrx_word' id='word_1_341' title='bbox 237 2890 281 2939; x_wconf 89' lang='lat' dir='ltr'>per</span> <span class='ocrx_word' id='word_1_342' title='bbox 294 2875 382 2939; x_wconf 76' lang='lat' dir='ltr'>figuras</span> <span class='ocrx_word' id='word_1_343' title='bbox 396 2884 490 2924; x_wconf 88' lang='lat' dir='ltr'>tantum</span> <span class='ocrx_word' id='word_1_344' title='bbox 504 2877 620 2927; x_wconf 85' lang='lat' dir='ltr'>indicarit</span> <span class='ocrx_word' id='word_1_345' title='bbox 636 2894 643 2927; x_wconf 91' lang='lat'>:</span> <span class='ocrx_word' id='word_1_346' title='bbox 660 2896 738 2945; x_wconf 87' lang='lat' dir='ltr'>neque</span> <span class='ocrx_word' id='word_1_347' title='bbox 748 2881 782 2931; x_wconf 90' lang='lat' dir='ltr'>ibi</span> <span class='ocrx_word' id='word_1_348' title='bbox 814 2881 1121 2947; x_wconf 71' lang='lat' dir='ltr'>Var.‚pnelcctnrnitidem</span> <span class='ocrx_word' id='word_1_349' title='bbox 1129 2876 1359 2944; x_wconf 77' lang='lat' dir='ltr'>AEgyptoregende‚</span> 
     </span>
     <span class='ocr_line' id='line_1_34' title="bbox 237 2949 1361 3023; baseline 0 -24"><span class='ocrx_word' id='word_1_350' title='bbox 237 2950 268 2999; x_wconf 92' lang='lat' dir='ltr'>de</span> <span class='ocrx_word' id='word_1_351' title='bbox 280 2949 388 3000; x_wconf 86' lang='lat' dir='ltr'>Zenobia</span> <span class='ocrx_word' id='word_1_352' title='bbox 397 2951 537 3016; x_wconf 86' lang='lat' dir='ltr'>quidquam.</span> <span class='ocrx_word' id='word_1_353' title='bbox 550 2953 616 3004; x_wconf 81' lang='lat' dir='ltr'>Tum</span> <span class='ocrx_word' id='word_1_354' title='bbox 627 2954 783 3008; x_wconf 76' lang='lat' dir='ltr'>sciticetate-</span> <span class='ocrx_word' id='word_1_355' title='bbox 814 2958 866 3023; x_wconf 88' lang='lat' dir='ltr'>pari</span> <span class='ocrx_word' id='word_1_356' title='bbox 887 2973 932 3006; x_wconf 90' lang='lat' dir='ltr'>nec</span> <span class='ocrx_word' id='word_1_357' title='bbox 956 2956 1064 3006; x_wconf 81' lang='lat' dir='ltr'>feliciore</span> <span class='ocrx_word' id='word_1_358' title='bbox 1086 2954 1219 3005; x_wconf 88' lang='lat' dir='ltr'>ambitione</span> <span class='ocrx_word' id='word_1_359' title='bbox 1247 2951 1361 3016; x_wconf 85' lang='lat' dir='ltr'>reliquias</span> 
     </span>
     <span class='ocr_line' id='line_1_35' title="bbox 238 3025 1360 3098; baseline 0.002 -23"><span class='ocrx_word' id='word_1_360' title='bbox 238 3025 385 3076; x_wconf 74' lang='lat' dir='ltr'>sandriuum</span> <span class='ocrx_word' id='word_1_361' title='bbox 400 3037 498 3092; x_wconf 87' lang='lat' dir='ltr'>poetam</span> <span class='ocrx_word' id='word_1_362' title='bbox 516 3030 636 3080; x_wconf 86' lang='lat' dir='ltr'>retinebat</span> <span class='ocrx_word' id='word_1_363' title='bbox 659 3031 781 3091; x_wconf 74' lang='lat' dir='ltr'>Zenobiae,</span> <span class='ocrx_word' id='word_1_364' title='bbox 814 3033 925 3082; x_wconf 77' lang='lat' dir='ltr'>Zenobiae</span> <span class='ocrx_word' id='word_1_365' title='bbox 939 3029 1279 3098; x_wconf 79' lang='lat' dir='ltr'>colligentem,abAureliano</span> <span class='ocrx_word' id='word_1_366' title='bbox 1292 3044 1360 3078; x_wconf 86' lang='lat' dir='ltr'>onm-</span> 
     </span>
     <span class='ocr_line' id='line_1_36' title="bbox 238 3101 1361 3174; baseline 0 -23"><span class='ocrx_word' id='word_1_367' title='bbox 238 3101 294 3152; x_wconf 88' lang='lat' dir='ltr'>licet</span> <span class='ocrx_word' id='word_1_368' title='bbox 302 3103 415 3159; x_wconf 84' lang='lat' dir='ltr'>absentis,</span> <span class='ocrx_word' id='word_1_369' title='bbox 426 3112 513 3162; x_wconf 88' lang='lat' dir='ltr'>metus,</span> <span class='ocrx_word' id='word_1_370' title='bbox 523 3120 576 3170; x_wconf 81' lang='lat' dir='ltr'>quae</span> <span class='ocrx_word' id='word_1_371' title='bbox 583 3115 636 3169; x_wconf 84' lang='lat' dir='ltr'>post</span> <span class='ocrx_word' id='word_1_372' title='bbox 645 3107 689 3155; x_wconf 81' lang='lat' dir='ltr'>riri</span> <span class='ocrx_word' id='word_1_373' title='bbox 699 3120 782 3158; x_wconf 85' lang='lat' dir='ltr'>necem</span> <span class='ocrx_word' id='word_1_374' title='bbox 815 3126 922 3174; x_wconf 60' lang='lat' dir='ltr'>pressum</span> <span class='ocrx_word' id='word_1_375' title='bbox 934 3108 1006 3158; x_wconf 83' lang='lat' dir='ltr'>fuisse</span> <span class='ocrx_word' id='word_1_376' title='bbox 1026 3124 1032 3157; x_wconf 94' lang='lat'>:</span> <span class='ocrx_word' id='word_1_377' title='bbox 1049 3108 1115 3158; x_wconf 89' lang='lat' dir='ltr'>hunc</span> <span class='ocrx_word' id='word_1_378' title='bbox 1131 3105 1231 3171; x_wconf 89' lang='lat' dir='ltr'>quidem</span> <span class='ocrx_word' id='word_1_379' title='bbox 1247 3120 1297 3154; x_wconf 90' lang='lat' dir='ltr'>uon</span> <span class='ocrx_word' id='word_1_380' title='bbox 1311 3103 1361 3153; x_wconf 85' lang='lat' dir='ltr'>aine</span> 
     </span>
     <span class='ocr_line' id='line_1_37' title="bbox 237 3178 1361 3251; baseline 0.002 -24"><span class='ocrx_word' id='word_1_381' title='bbox 237 3178 337 3228; x_wconf 86' lang='lat' dir='ltr'>orientis</span> <span class='ocrx_word' id='word_1_382' title='bbox 349 3178 430 3244; x_wconf 75' lang='lat' dir='ltr'>regina</span> <span class='ocrx_word' id='word_1_383' title='bbox 445 3178 475 3228; x_wconf 87' lang='lat' dir='ltr'>ab</span> <span class='ocrx_word' id='word_1_384' title='bbox 489 3179 547 3246; x_wconf 85' lang='lat' dir='ltr'>ipsis</span> <span class='ocrx_word' id='word_1_385' title='bbox 561 3181 639 3245; x_wconf 75' lang='lat' dir='ltr'>agnita</span> <span class='ocrx_word' id='word_1_386' title='bbox 655 3180 781 3239; x_wconf 76' lang='lat' dir='ltr'>Romanis.</span> <span class='ocrx_word' id='word_1_387' title='bbox 813 3185 895 3251; x_wconf 89' lang='lat' dir='ltr'>aliquo</span> <span class='ocrx_word' id='word_1_388' title='bbox 912 3185 979 3250; x_wconf 89' lang='lat' dir='ltr'>prius</span> <span class='ocrx_word' id='word_1_389' title='bbox 992 3200 1113 3245; x_wconf 79' lang='lat' dir='ltr'>successu,</span> <span class='ocrx_word' id='word_1_390' title='bbox 1127 3190 1248 3246; x_wconf 87' lang='lat' dir='ltr'>occupata</span> <span class='ocrx_word' id='word_1_391' title='bbox 1258 3181 1290 3229; x_wconf 84' lang='lat' dir='ltr'>ad</span> <span class='ocrx_word' id='word_1_392' title='bbox 1306 3189 1361 3230; x_wconf 85' lang='lat' dir='ltr'>tem·</span> 
     </span>
     <span class='ocr_line' id='line_1_38' title="bbox 238 3254 1361 3327; baseline 0.004 -24"><span class='ocrx_word' id='word_1_393' title='bbox 238 3254 299 3304; x_wconf 76' lang='lat' dir='ltr'>Asiae</span> <span class='ocrx_word' id='word_1_394' title='bbox 319 3271 430 3322; x_wconf 89' lang='lat' dir='ltr'>compos,</span> <span class='ocrx_word' id='word_1_395' title='bbox 449 3272 507 3305; x_wconf 86' lang='lat' dir='ltr'>ansa</span> <span class='ocrx_word' id='word_1_396' title='bbox 523 3265 559 3305; x_wconf 86' lang='lat' dir='ltr'>est</span> <span class='ocrx_word' id='word_1_397' title='bbox 572 3255 669 3322; x_wconf 70' lang='lat' dir='ltr'>AEgypti</span> <span class='ocrx_word' id='word_1_398' title='bbox 686 3274 783 3324; x_wconf 89' lang='lat' dir='ltr'>quoque</span> <span class='ocrx_word' id='word_1_399' title='bbox 814 3278 858 3327; x_wconf 86' lang='lat' dir='ltr'>pus</span> <span class='ocrx_word' id='word_1_400' title='bbox 865 3260 1002 3324; x_wconf 87' lang='lat' dir='ltr'>metropoli,</span> <span class='ocrx_word' id='word_1_401' title='bbox 1013 3282 1024 3303; x_wconf 77' lang='grc' dir='ltr'><strong>ι</strong></span> <span class='ocrx_word' id='word_1_402' title='bbox 1036 3259 1078 3324; x_wconf 93' lang='lat' dir='ltr'>qui</span> <span class='ocrx_word' id='word_1_403' title='bbox 1089 3257 1263 3308; x_wconf 71' lang='lat' dir='ltr'>Alexandriam</span> <span class='ocrx_word' id='word_1_404' title='bbox 1271 3255 1361 3321; x_wconf 67' lang='lat' dir='ltr'>Egyp-</span> 
     </span>
     <span class='ocr_line' id='line_1_39' title="bbox 237 3329 1360 3398; baseline 0.003 -21"><span class='ocrx_word' id='word_1_405' title='bbox 237 3329 427 3380; x_wconf 90' lang='lat' dir='ltr'>dominationem</span> <span class='ocrx_word' id='word_1_406' title='bbox 440 3331 571 3381; x_wconf 80' lang='lat' dir='ltr'>affectare:</span> <span class='ocrx_word' id='word_1_407' title='bbox 586 3333 749 3396; x_wconf 85' lang='lat' dir='ltr'>quinimmo,</span> <span class='ocrx_word' id='word_1_408' title='bbox 763 3336 783 3385; x_wconf 89' lang='lat' dir='ltr'>si</span> <span class='ocrx_word' id='word_1_409' title='bbox 813 3336 903 3385; x_wconf 90' lang='lat' dir='ltr'>tiorum</span> <span class='ocrx_word' id='word_1_410' title='bbox 917 3335 1031 3384; x_wconf 88' lang='lat' dir='ltr'>incitatus</span> <span class='ocrx_word' id='word_1_411' title='bbox 1045 3333 1128 3383; x_wconf 74' lang='lat' dir='ltr'>surore</span> <span class='ocrx_word' id='word_1_412' title='bbox 1139 3332 1246 3398; x_wconf 75' lang='lat' dir='ltr'>pervasit</span> <span class='ocrx_word' id='word_1_413' title='bbox 1257 3351 1281 3391; x_wconf 74' lang='grc' dir='ltr'>ν,</span> <span class='ocrx_word' id='word_1_414' title='bbox 1296 3330 1360 3380; x_wconf 84' lang='lat' dir='ltr'>idem</span> 
     </span>
     <span class='ocr_line' id='line_1_40' title="bbox 239 3405 1359 3474; baseline 0.003 -21"><span class='ocrx_word' id='word_1_415' title='bbox 239 3405 332 3456; x_wconf 89' lang='lat' dir='ltr'>Zosimo</span> <span class='ocrx_word' id='word_1_416' title='bbox 344 3407 412 3465; x_wconf 83' lang='lat' dir='ltr'>lidos,</span> <span class='ocrx_word' id='word_1_417' title='bbox 425 3407 596 3457; x_wconf 80' lang='lat' dir='ltr'>Alexandriam</span> <span class='ocrx_word' id='word_1_418' title='bbox 606 3407 643 3457; x_wconf 85' lang='lat' dir='ltr'>bis</span> <span class='ocrx_word' id='word_1_419' title='bbox 654 3410 782 3474; x_wconf 84' lang='lat' dir='ltr'>occupavit</span> <span class='ocrx_word' id='word_1_420' title='bbox 813 3409 873 3459; x_wconf 86' lang='lat' dir='ltr'>ibid.</span> <span class='ocrx_word' id='word_1_421' title='bbox 888 3411 935 3459; x_wconf 82' lang='lat' dir='ltr'>Sed</span> <span class='ocrx_word' id='word_1_422' title='bbox 951 3409 1061 3466; x_wconf 85' lang='lat' dir='ltr'>tertium,</span> <span class='ocrx_word' id='word_1_423' title='bbox 1077 3408 1178 3458; x_wconf 88' lang='lat' dir='ltr'>arietem</span> <span class='ocrx_word' id='word_1_424' title='bbox 1191 3407 1261 3457; x_wconf 89' lang='lat' dir='ltr'>illnm</span> <span class='ocrx_word' id='word_1_425' title='bbox 1271 3424 1303 3456; x_wconf 77' lang='lat' dir='ltr'>ex</span> <span class='ocrx_word' id='word_1_426' title='bbox 1312 3406 1359 3474; x_wconf 74' lang='lat' dir='ltr'>cy-</span> 
     </span>
     <span class='ocr_line' id='line_1_41' title="bbox 238 3480 1359 3549; baseline -0.001 -18"><span class='ocrx_word' id='word_1_427' title='bbox 238 3480 323 3547; x_wconf 81' lang='lat' dir='ltr'>bisque</span> <span class='ocrx_word' id='word_1_428' title='bbox 344 3483 426 3533; x_wconf 87' lang='lat' dir='ltr'>amisit</span> <span class='ocrx_word' id='word_1_429' title='bbox 448 3499 513 3532; x_wconf 91' lang='lat' dir='ltr'>anuo</span> <span class='ocrx_word' id='word_1_430' title='bbox 532 3487 580 3533; x_wconf 76' lang='lat'>269</span> <span class='ocrx_word' id='word_1_431' title='bbox 602 3487 629 3547; x_wconf 86' lang='lat' dir='ltr'>(a</span> <span class='ocrx_word' id='word_1_432' title='bbox 655 3485 781 3549; x_wconf 75' lang='lat' dir='ltr'>praelecto,</span> <span class='ocrx_word' id='word_1_433' title='bbox 813 3502 871 3535; x_wconf 87' lang='lat' dir='ltr'>rene</span> <span class='ocrx_word' id='word_1_434' title='bbox 886 3486 1039 3542; x_wconf 77' lang='lat' dir='ltr'>venientem,</span> <span class='ocrx_word' id='word_1_435' title='bbox 1056 3485 1131 3548; x_wconf 75' lang='grc' dir='ltr'><strong>μέγαν</strong></span> <span class='ocrx_word' id='word_1_436' title='bbox 1152 3483 1239 3547; x_wconf 76' lang='grc' dir='ltr'><strong>κριόν,</strong></span> <span class='ocrx_word' id='word_1_437' title='bbox 1255 3481 1359 3531; x_wconf 85' lang='lat' dir='ltr'>latemur</span> 
     </span>
     <span class='ocr_line' id='line_1_42' title="bbox 239 3556 1360 3628; baseline 0.001 -24"><span class='ocrx_word' id='word_1_438' title='bbox 239 3556 284 3605; x_wconf 81' lang='lat' dir='ltr'>nisi</span> <span class='ocrx_word' id='word_1_439' title='bbox 299 3557 418 3620; x_wconf 77' lang='lat' dir='ltr'>labimur,</span> <span class='ocrx_word' id='word_1_440' title='bbox 433 3558 565 3608; x_wconf 84' lang='lat' dir='ltr'>AEmiliauo</span> <span class='ocrx_word' id='word_1_441' title='bbox 579 3561 698 3625; x_wconf 79' lang='lat' dir='ltr'>repulsa).</span> <span class='ocrx_word' id='word_1_442' title='bbox 714 3562 783 3612; x_wconf 82' lang='lat' dir='ltr'>Nunc</span> <span class='ocrx_word' id='word_1_443' title='bbox 814 3562 910 3628; x_wconf 86' lang='lat' dir='ltr'>penitus</span> <span class='ocrx_word' id='word_1_444' title='bbox 924 3562 1034 3627; x_wconf 80' lang='lat' dir='ltr'>ignorare</span> <span class='ocrx_word' id='word_1_445' title='bbox 1041 3577 1094 3617; x_wconf 86' lang='lat' dir='ltr'>uos,</span> <span class='ocrx_word' id='word_1_446' title='bbox 1104 3560 1203 3609; x_wconf 79' lang='lat' dir='ltr'>fortasse</span> <span class='ocrx_word' id='word_1_447' title='bbox 1213 3559 1304 3607; x_wconf 82' lang='lat' dir='ltr'>durem</span> <span class='ocrx_word' id='word_1_448' title='bbox 1315 3556 1360 3606; x_wconf 87' lang='lat' dir='ltr'>ali·</span> 
     </span>
     <span class='ocr_line' id='line_1_43' title="bbox 239 3632 1359 3703; baseline 0.001 -24"><span class='ocrx_word' id='word_1_449' title='bbox 239 3633 288 3681; x_wconf 78' lang='lat' dir='ltr'>sire</span> <span class='ocrx_word' id='word_1_450' title='bbox 295 3633 326 3682; x_wconf 90' lang='lat' dir='ltr'>ab</span> <span class='ocrx_word' id='word_1_451' title='bbox 335 3634 377 3684; x_wconf 90' lang='lat' dir='ltr'>illo</span> <span class='ocrx_word' id='word_1_452' title='bbox 387 3645 480 3685; x_wconf 85' lang='lat' dir='ltr'>terrore</span> <span class='ocrx_word' id='word_1_453' title='bbox 490 3634 602 3684; x_wconf 84' lang='lat' dir='ltr'>normilsil</span> <span class='ocrx_word' id='word_1_454' title='bbox 609 3637 782 3687; x_wconf 77' lang='lat' dir='ltr'>consalueraut</span> <span class='ocrx_word' id='word_1_455' title='bbox 813 3653 887 3703; x_wconf 92' lang='lat' dir='ltr'>quem</span> <span class='ocrx_word' id='word_1_456' title='bbox 898 3635 1044 3692; x_wconf 85' lang='lat' dir='ltr'>Romanum,</span> <span class='ocrx_word' id='word_1_457' title='bbox 1056 3635 1196 3700; x_wconf 84' lang='lat' dir='ltr'>Cyrenaicae</span> <span class='ocrx_word' id='word_1_458' title='bbox 1206 3632 1359 3698; x_wconf 75' lang='lat' dir='ltr'>prefectum,</span> 
     </span>
     <span class='ocr_line' id='line_1_44' title="bbox 241 3707 1394 3777; baseline -0.001 -20"><span class='ocrx_word' id='word_1_459' title='bbox 241 3707 369 3760; x_wconf 89' lang='lat' dir='ltr'>bominum</span> <span class='ocrx_word' id='word_1_460' title='bbox 378 3711 463 3768; x_wconf 88' lang='lat' dir='ltr'>animi,</span> <span class='ocrx_word' id='word_1_461' title='bbox 479 3710 528 3759; x_wconf 79' lang='lat' dir='ltr'>sire</span> <span class='ocrx_word' id='word_1_462' title='bbox 539 3710 625 3760; x_wconf 84' lang='lat' dir='ltr'>Noster</span> <span class='ocrx_word' id='word_1_463' title='bbox 633 3712 782 3777; x_wconf 87' lang='lat' dir='ltr'>experiundo</span> <span class='ocrx_word' id='word_1_464' title='bbox 813 3728 898 3762; x_wconf 87' lang='lat' dir='ltr'>ausum</span> <span class='ocrx_word' id='word_1_465' title='bbox 912 3711 1009 3777; x_wconf 74' lang='lat' dir='ltr'>AEgypti</span> <span class='ocrx_word' id='word_1_466' title='bbox 1023 3710 1213 3760; x_wconf 86' lang='lat' dir='ltr'>dominationem</span> <span class='ocrx_word' id='word_1_467' title='bbox 1227 3707 1359 3758; x_wconf 83' lang='lat' dir='ltr'>ambireet</span> <span class='ocrx_word' id='word_1_468' title='bbox 1390 3760 1394 3769; x_wconf 63' lang='grc'><strong>,</strong></span> 
     </span>
     <span class='ocr_line' id='line_1_45' title="bbox 239 3785 1358 3852; baseline -0.001 -20"><span class='ocrx_word' id='word_1_469' title='bbox 239 3785 344 3834; x_wconf 83' lang='grc' dir='ltr'><strong>οοιιίὶιυι</strong></span> <span class='ocrx_word' id='word_1_470' title='bbox 368 3788 441 3850; x_wconf 85' lang='lat' dir='ltr'>magis</span> <span class='ocrx_word' id='word_1_471' title='bbox 465 3786 544 3836; x_wconf 82' lang='lat' dir='ltr'>luerat</span> <span class='ocrx_word' id='word_1_472' title='bbox 569 3786 675 3835; x_wconf 84' lang='lat' dir='ltr'>tenebris</span> <span class='ocrx_word' id='word_1_473' title='bbox 694 3789 782 3852; x_wconf 78' lang='lat' dir='ltr'>allego·</span> <span class='ocrx_word' id='word_1_474' title='bbox 813 3788 839 3836; x_wconf 92' lang='lat' dir='ltr'>in</span> <span class='ocrx_word' id='word_1_475' title='bbox 850 3788 891 3837; x_wconf 89' lang='lat' dir='ltr'>illo</span> <span class='ocrx_word' id='word_1_476' title='bbox 903 3786 1030 3836; x_wconf 91' lang='lat' dir='ltr'>conamine</span> <span class='ocrx_word' id='word_1_477' title='bbox 1040 3786 1069 3834; x_wconf 89' lang='lat' dir='ltr'>ad</span> <span class='ocrx_word' id='word_1_478' title='bbox 1080 3785 1128 3835; x_wconf 88' lang='lat' dir='ltr'>Nili</span> <span class='ocrx_word' id='word_1_479' title='bbox 1136 3785 1358 3850; x_wconf 76' lang='lat' dir='ltr'>ripasoppreasum.</span> 
     </span>
     <span class='ocr_line' id='line_1_46' title="bbox 239 3856 1359 3928; baseline 0.001 -21"><span class='ocrx_word' id='word_1_480' title='bbox 239 3856 331 3909; x_wconf 83' lang='lat' dir='ltr'>riarum</span> <span class='ocrx_word' id='word_1_481' title='bbox 343 3878 449 3922; x_wconf 87' lang='lat' dir='ltr'>suarum,</span> <span class='ocrx_word' id='word_1_482' title='bbox 466 3863 527 3911; x_wconf 89' lang='lat' dir='ltr'>redit</span> <span class='ocrx_word' id='word_1_483' title='bbox 541 3878 606 3924; x_wconf 83' lang='lat' dir='ltr'>ecce,</span> <span class='ocrx_word' id='word_1_484' title='bbox 623 3871 737 3926; x_wconf 86' lang='lat' dir='ltr'>tanquam</span> <span class='ocrx_word' id='word_1_485' title='bbox 752 3880 782 3913; x_wconf 81' lang='lat' dir='ltr'>ex</span> <span class='ocrx_word' id='word_1_486' title='bbox 814 3863 881 3928; x_wconf 79' lang='lat' dir='ltr'>Piget</span> <span class='ocrx_word' id='word_1_487' title='bbox 892 3864 957 3928; x_wconf 92' lang='lat' dir='ltr'>quod</span> <span class='ocrx_word' id='word_1_488' title='bbox 967 3871 1046 3911; x_wconf 86' lang='lat' dir='ltr'>taceat</span> <span class='ocrx_word' id='word_1_489' title='bbox 1057 3871 1139 3927; x_wconf 84' lang='lat' dir='ltr'>postea</span> <span class='ocrx_word' id='word_1_490' title='bbox 1149 3863 1180 3910; x_wconf 91' lang='lat' dir='ltr'>de</span> <span class='ocrx_word' id='word_1_491' title='bbox 1188 3861 1292 3909; x_wconf 79' lang='lat' dir='ltr'>illoriro</span> <span class='ocrx_word' id='word_1_492' title='bbox 1299 3859 1359 3908; x_wconf 82' lang='lat' dir='ltr'>Noa·</span> 
     </span>
     <span class='ocr_line' id='line_1_47' title="bbox 240 3934 1360 4003; baseline 0.001 -20"><span class='ocrx_word' id='word_1_493' title='bbox 240 3935 383 4001; x_wconf 78' lang='lat' dir='ltr'>longinquo,</span> <span class='ocrx_word' id='word_1_494' title='bbox 400 3937 430 3986; x_wconf 91' lang='lat' dir='ltr'>ad</span> <span class='ocrx_word' id='word_1_495' title='bbox 448 3937 584 3988; x_wconf 88' lang='lat' dir='ltr'>Odenatum</span> <span class='ocrx_word' id='word_1_496' title='bbox 604 3937 703 4002; x_wconf 83' lang='lat' dir='ltr'>ejusque</span> <span class='ocrx_word' id='word_1_497' title='bbox 722 3955 783 3987; x_wconf 85' lang='lat' dir='ltr'>uxo·</span> <span class='ocrx_word' id='word_1_498' title='bbox 814 3948 858 3995; x_wconf 85' lang='lat' dir='ltr'>ter.</span> <span class='ocrx_word' id='word_1_499' title='bbox 879 3938 923 4003; x_wconf 92' lang='lat' dir='ltr'>qni</span> <span class='ocrx_word' id='word_1_500' title='bbox 945 3948 1033 3992; x_wconf 88' lang='lat' dir='ltr'>tamen.</span> <span class='ocrx_word' id='word_1_501' title='bbox 1059 3941 1116 3992; x_wconf 79' lang='grc'>323,</span> <span class='ocrx_word' id='word_1_502' title='bbox 1139 3936 1293 3986; x_wconf 84' lang='lat' dir='ltr'>mentionem</span> <span class='ocrx_word' id='word_1_503' title='bbox 1309 3934 1360 4000; x_wconf 70' lang='lat' dir='ltr'>eins</span> 
     </span>
     <span class='ocr_line' id='line_1_48' title="bbox 240 4010 1358 4078; baseline 0.001 -19"><span class='ocrx_word' id='word_1_504' title='bbox 240 4027 291 4060; x_wconf 87' lang='lat' dir='ltr'>rem</span> <span class='ocrx_word' id='word_1_505' title='bbox 302 4027 308 4061; x_wconf 91' lang='lat'><strong>:</strong></span> <span class='ocrx_word' id='word_1_506' title='bbox 321 4029 395 4077; x_wconf 90' lang='lat' dir='ltr'>qnam</span> <span class='ocrx_word' id='word_1_507' title='bbox 408 4015 489 4063; x_wconf 89' lang='lat' dir='ltr'>mariti</span> <span class='ocrx_word' id='word_1_508' title='bbox 499 4014 564 4063; x_wconf 88' lang='lat' dir='ltr'>necis</span> <span class='ocrx_word' id='word_1_509' title='bbox 575 4029 624 4062; x_wconf 91' lang='lat' dir='ltr'>uon</span> <span class='ocrx_word' id='word_1_510' title='bbox 638 4014 709 4062; x_wconf 90' lang='lat' dir='ltr'>modo</span> <span class='ocrx_word' id='word_1_511' title='bbox 724 4031 781 4063; x_wconf 90' lang='lat' dir='ltr'>con·</span> <span class='ocrx_word' id='word_1_512' title='bbox 813 4024 884 4064; x_wconf 80' lang='lat' dir='ltr'>autea</span> <span class='ocrx_word' id='word_1_513' title='bbox 901 4031 926 4063; x_wconf 89' lang='lat' dir='ltr'>se</span> <span class='ocrx_word' id='word_1_514' title='bbox 943 4014 1027 4063; x_wconf 76' lang='lat' dir='ltr'>iecisse</span> <span class='ocrx_word' id='word_1_515' title='bbox 1044 4013 1089 4072; x_wconf 89' lang='lat' dir='ltr'>ait,</span> <span class='ocrx_word' id='word_1_516' title='bbox 1110 4010 1137 4063; x_wconf 82' lang='grc' dir='ltr'>ὃν</span> <span class='ocrx_word' id='word_1_517' title='bbox 1155 4013 1211 4078; x_wconf 83' lang='grc' dir='ltr'><strong>πρὶν</strong></span> <span class='ocrx_word' id='word_1_518' title='bbox 1233 4012 1311 4073; x_wconf 67' lang='grc' dir='ltr'><strong>ἔλεξα,</strong></span> <span class='ocrx_word' id='word_1_519' title='bbox 1332 4028 1358 4061; x_wconf 89' lang='grc' dir='ltr'>ιι.</span> 
     </span>
     <span class='ocr_line' id='line_1_49' title="bbox 240 4087 1359 4155; baseline 0 -19"><span class='ocrx_word' id='word_1_520' title='bbox 240 4087 325 4149; x_wconf 87' lang='lat' dir='ltr'>sciam,</span> <span class='ocrx_word' id='word_1_521' title='bbox 345 4089 385 4137; x_wconf 90' lang='lat' dir='ltr'>sed</span> <span class='ocrx_word' id='word_1_522' title='bbox 399 4097 524 4138; x_wconf 87' lang='lat' dir='ltr'>auctorem</span> <span class='ocrx_word' id='word_1_523' title='bbox 539 4089 605 4148; x_wconf 82' lang='lat' dir='ltr'>lacit,</span> <span class='ocrx_word' id='word_1_524' title='bbox 621 4089 663 4137; x_wconf 88' lang='lat' dir='ltr'>nbi</span> <span class='ocrx_word' id='word_1_525' title='bbox 683 4089 781 4139; x_wconf 74' lang='lat' dir='ltr'>lernam</span> <span class='ocrx_word' id='word_1_526' title='bbox 814 4106 836 4138; x_wconf 87' lang='grc' dir='ltr'>τ.</span> <span class='ocrx_word' id='word_1_527' title='bbox 849 4094 883 4151; x_wconf 87' lang='grc' dir='ltr'>λ.,</span> <span class='ocrx_word' id='word_1_528' title='bbox 893 4106 969 4155; x_wconf 89' lang='lat' dir='ltr'>quum</span> <span class='ocrx_word' id='word_1_529' title='bbox 982 4091 1019 4138; x_wconf 77' lang='lat' dir='ltr'>rel</span> <span class='ocrx_word' id='word_1_530' title='bbox 1029 4090 1091 4138; x_wconf 91' lang='lat' dir='ltr'>nibil</span> <span class='ocrx_word' id='word_1_531' title='bbox 1100 4090 1131 4138; x_wconf 92' lang='lat' dir='ltr'>de</span> <span class='ocrx_word' id='word_1_532' title='bbox 1141 4088 1359 4154; x_wconf 80' lang='lat' dir='ltr'>eoscripserit,rel</span> 
     </span>
     <span class='ocr_line' id='line_1_50' title="bbox 232 4164 1309 4230; baseline 0.002 -18"><span class='ocrx_word' id='word_1_533' title='bbox 232 4164 347 4214; x_wconf 86' lang='lat' dir='ltr'>¹ostendit</span> <span class='ocrx_word' id='word_1_534' title='bbox 361 4164 437 4214; x_wconf 87' lang='lat' dir='ltr'>leonis</span> <span class='ocrx_word' id='word_1_535' title='bbox 450 4164 562 4214; x_wconf 73' lang='lat' dir='ltr'>cadaveri</span> <span class='ocrx_word' id='word_1_536' title='bbox 572 4165 736 4214; x_wconf 85' lang='lat' dir='ltr'>crudelissime</span> <span class='ocrx_word' id='word_1_537' title='bbox 747 4165 783 4213; x_wconf 90' lang='lat' dir='ltr'>in·</span> <span class='ocrx_word' id='word_1_538' title='bbox 813 4167 833 4216; x_wconf 88' lang='lat' dir='ltr'>si</span> <span class='ocrx_word' id='word_1_539' title='bbox 846 4165 906 4230; x_wconf 92' lang='lat' dir='ltr'>quid</span> <span class='ocrx_word' id='word_1_540' title='bbox 915 4165 987 4227; x_wconf 85' lang='lat' dir='ltr'>forte,</span> <span class='ocrx_word' id='word_1_541' title='bbox 998 4165 1106 4222; x_wconf 85' lang='lat' dir='ltr'>eraserit,</span> <span class='ocrx_word' id='word_1_542' title='bbox 1122 4164 1251 4213; x_wconf 89' lang='lat' dir='ltr'>immemor</span> <span class='ocrx_word' id='word_1_543' title='bbox 1262 4165 1309 4214; x_wconf 91' lang='lat' dir='ltr'>sui.</span> 
     </span>
     <span class='ocr_line' id='line_1_51' title="bbox 240 4238 1361 4306; baseline -0.001 -18"><span class='ocrx_word' id='word_1_544' title='bbox 240 4239 405 4290; x_wconf 88' lang='lat' dir='ltr'>cumbentcm.</span> <span class='ocrx_word' id='word_1_545' title='bbox 434 4239 531 4289; x_wconf 85' lang='lat' dir='ltr'>Famam</span> <span class='ocrx_word' id='word_1_546' title='bbox 555 4239 613 4289; x_wconf 88' lang='lat' dir='ltr'>hinc</span> <span class='ocrx_word' id='word_1_547' title='bbox 636 4257 780 4306; x_wconf 80' lang='lat' dir='ltr'>cognoscas,</span> <span class='ocrx_word' id='word_1_548' title='bbox 848 4245 904 4299; x_wconf 77' lang='lat'>332,</span> <span class='ocrx_word' id='word_1_549' title='bbox 925 4257 978 4305; x_wconf 86' lang='lat' dir='ltr'>sqq.</span> <span class='ocrx_word' id='word_1_550' title='bbox 1003 4240 1119 4306; x_wconf 85' lang='lat' dir='ltr'>Sequitur·</span> <span class='ocrx_word' id='word_1_551' title='bbox 1136 4238 1207 4303; x_wconf 72' lang='lat' dir='ltr'>longa</span> <span class='ocrx_word' id='word_1_552' title='bbox 1229 4238 1361 4306; x_wconf 86' lang='lat' dir='ltr'>descriptio</span> 
     </span>
     <span class='ocr_line' id='line_1_52' title="bbox 240 4314 1360 4382; baseline 0.002 -20"><span class='ocrx_word' id='word_1_553' title='bbox 240 4330 293 4378; x_wconf 78' lang='lat' dir='ltr'>quac</span> <span class='ocrx_word' id='word_1_554' title='bbox 318 4325 370 4364; x_wconf 89' lang='lat' dir='ltr'>tum</span> <span class='ocrx_word' id='word_1_555' title='bbox 390 4317 454 4381; x_wconf 88' lang='lat' dir='ltr'>apud</span> <span class='ocrx_word' id='word_1_556' title='bbox 478 4317 559 4379; x_wconf 74' lang='lat' dir='ltr'>ungas</span> <span class='ocrx_word' id='word_1_557' title='bbox 578 4316 718 4382; x_wconf 75' lang='lat' dir='ltr'>AEgyptinm</span> <span class='ocrx_word' id='word_1_558' title='bbox 735 4315 782 4365; x_wconf 86' lang='lat' dir='ltr'>dil·</span> <span class='ocrx_word' id='word_1_559' title='bbox 813 4318 940 4373; x_wconf 83' lang='lat' dir='ltr'>turnultus,</span> <span class='ocrx_word' id='word_1_560' title='bbox 954 4317 1117 4366; x_wconf 79' lang='lat' dir='ltr'>immorerius</span> <span class='ocrx_word' id='word_1_561' title='bbox 1131 4314 1189 4364; x_wconf 88' lang='lat' dir='ltr'>belli</span> <span class='ocrx_word' id='word_1_562' title='bbox 1203 4314 1360 4364; x_wconf 79' lang='lat' dir='ltr'>cisilisinter</span> 
     </span>
     <span class='ocr_line' id='line_1_53' title="bbox 242 4387 1362 4457; baseline 0.002 -20"><span class='ocrx_word' id='word_1_563' title='bbox 242 4387 293 4438; x_wconf 83' lang='lat' dir='ltr'>lusa</span> <span class='ocrx_word' id='word_1_564' title='bbox 309 4400 378 4439; x_wconf 86' lang='lat' dir='ltr'>erat:</span> <span class='ocrx_word' id='word_1_565' title='bbox 393 4392 434 4440; x_wconf 87' lang='lat' dir='ltr'>sed</span> <span class='ocrx_word' id='word_1_566' title='bbox 458 4408 530 4456; x_wconf 87' lang='lat' dir='ltr'>parce</span> <span class='ocrx_word' id='word_1_567' title='bbox 547 4390 616 4442; x_wconf 81' lang='lat' dir='ltr'>same</span> <span class='ocrx_word' id='word_1_568' title='bbox 633 4393 741 4449; x_wconf 88' lang='lat' dir='ltr'>credere,</span> <span class='ocrx_word' id='word_1_569' title='bbox 758 4401 783 4441; x_wconf 86' lang='lat' dir='ltr'>et</span> <span class='ocrx_word' id='word_1_570' title='bbox 815 4392 992 4442; x_wconf 77' lang='lat' dir='ltr'>Alexandrinos</span> <span class='ocrx_word' id='word_1_571' title='bbox 1010 4391 1137 4457; x_wconf 90' lang='lat' dir='ltr'>utriusque</span> <span class='ocrx_word' id='word_1_572' title='bbox 1155 4390 1244 4455; x_wconf 74' lang='lat' dir='ltr'>gentis,</span> <span class='ocrx_word' id='word_1_573' title='bbox 1265 4389 1362 4440; x_wconf 74' lang='lat' dir='ltr'>Grecos</span> 
     </span>
     <span class='ocr_line' id='line_1_54' title="bbox 243 4464 1361 4534; baseline 0.003 -23"><span class='ocrx_word' id='word_1_574' title='bbox 243 4464 300 4513; x_wconf 74' lang='lat' dir='ltr'>uide</span> <span class='ocrx_word' id='word_1_575' title='bbox 315 4482 389 4530; x_wconf 86' lang='lat' dir='ltr'>supra</span> <span class='ocrx_word' id='word_1_576' title='bbox 402 4476 486 4516; x_wconf 87' lang='lat' dir='ltr'>notata</span> <span class='ocrx_word' id='word_1_577' title='bbox 510 4466 556 4516; x_wconf 88' lang='lat' dir='ltr'>loc.</span> <span class='ocrx_word' id='word_1_578' title='bbox 574 4467 615 4516; x_wconf 90' lang='lat' dir='ltr'>cit.</span> <span class='ocrx_word' id='word_1_579' title='bbox 814 4484 901 4534; x_wconf 89' lang='lat' dir='ltr'>nempe</span> <span class='ocrx_word' id='word_1_580' title='bbox 915 4478 939 4517; x_wconf 91' lang='lat' dir='ltr'>et</span> <span class='ocrx_word' id='word_1_581' title='bbox 953 4468 1056 4518; x_wconf 77' lang='lat' dir='ltr'>iudanos.</span> <span class='ocrx_word' id='word_1_582' title='bbox 1070 4466 1131 4516; x_wconf 86' lang='lat' dir='ltr'>Nam</span> <span class='ocrx_word' id='word_1_583' title='bbox 1144 4465 1240 4516; x_wconf 79' lang='lat' dir='ltr'>tuaene</span> <span class='ocrx_word' id='word_1_584' title='bbox 1257 4475 1361 4523; x_wconf 75' lang='lat' dir='ltr'>comt,</span> 
     </span>
    </p>
   </div>
   <div class='ocr_carea' id='block_1_3' title="bbox 0 0 1606 5310">
    <p class='ocr_par' dir='ltr' id='par_1_3' title="bbox 0 0 1606 5310">
     <span class='ocr_line' id='line_1_55' title="bbox 0 0 1606 5310; baseline 0 0"><span class='ocrx_word' id='word_1_585' title='bbox 0 0 1606 5310; x_wconf 95' lang='lat' dir='ltr'> </span> 
     </span>
    </p>
   </div>
  </div>
 </body>
</html>
