3186 5310
431 421 711 511 srnrnunonnn
736 424 808 491 ita.
835 423 887 496 in.
904 420 928 502 c
945 424 975 483 r.
1208 423 1264 486 na

231 556 358 640 Quanta
372 555 469 626 etiam
481 556 599 646 Lyciis,
614 557 728 648 Mysis,
741 554 987 646 Phrygibusque
997 552 1229 644 propinquant!

145 659 206 727 515
231 663 333 728 Multa
345 661 460 730 cadent
471 663 568 753 Lyde
581 664 832 755 Pamphyliaque
844 660 962 751 oppida
973 660 1088 749 gentis,

232 771 433 854 Maurorum,
447 770 717 861 AEthiopumque,
732 789 764 835 et
776 793 915 859 quorum
926 769 1062 840 barbara
1075 767 1194 856 lingua,

231 875 520 966 Cappadocumque
532 880 751 968 Arabumque.
764 876 851 962 Quid
864 899 974 942 omnes
987 872 1100 942 ordine
1111 895 1211 944 conor

232 982 366 1047 Dicere?
377 983 460 1049 Nam
471 1001 685 1075 quotcumque
698 1000 810 1074 patens
820 981 1045 1070 complectitur
1056 979 1157 1064 orbis,

231 1089 296 1153 Tot
306 1089 409 1156 valida
421 1107 532 1178 gentes
544 1091 697 1158 ferientur
708 1090 855 1156 Numinis
867 1090 925 1153 ira.

144 1195 208 1259 520
276 1196 339 1261 Sed
354 1220 454 1286 quum
465 1199 604 1264 barbara
614 1222 692 1288 gens
704 1199 861 1286 irrumpet
872 1193 1008 1285 plurima
1019 1195 1152 1284 Graecis,

230 1302 333 1367 Multa
349 1304 480 1393 quidem
492 1305 596 1393 capita
609 1303 773 1370 exscindet
783 1304 934 1394 praeclara
948 1302 1102 1379 virorum,

230 1409 332 1473 Multa
349 1410 455 1474 ovium
472 1434 590 1499 pecora
607 1410 746 1500 abripiet
761 1410 886 1476 diversa
902 1432 960 1499 per
974 1430 1085 1494 agros,

230 1515 457 1604 Mulormnque
473 1541 598 1606 greges,
614 1534 647 1584 et
667 1542 825 1608 equorum
842 1532 987 1582 armenta
1002 1517 1177 1604 boumque.

231 1621 410 1709 Magnificis
422 1624 518 1691 etiam
534 1624 625 1689 tectis
644 1623 791 1688 incendia
804 1625 922 1707 mittet,

144 1728 206 1793 525
231 1729 399 1817 Multaque
412 1728 572 1798 diversum
590 1731 685 1799 ducet
703 1729 826 1820 captiva
844 1754 901 1818 per
914 1730 1027 1793 orbem

232 1837 376 1924 Corpora
390 1836 434 1917 vi,
448 1837 558 1901 molles
570 1861 698 1926 pueros,
714 1854 885 1926 raptasque
898 1835 1046 1902 verendis

231 1943 257 2006 E
269 1942 418 2009 thalamis
429 1962 561 2023 matres,
576 1943 789 2034 nequicquam
802 1944 834 2008 in
844 1966 945 2031 genua
957 1942 1121 2033 precando

231 2051 405 2139 Collapsas,
425 2076 496 2140 quae
510 2050 686 2116 barbaricis
699 2067 829 2115 onerata
842 2046 961 2114 catenis

230 2158 377 2224 lllembra
390 2159 519 2222 trahent
532 2182 590 2246 pcr
599 2156 685 2223 mille
698 2153 875 2246 opprobria
887 2176 895 2219 τ
907 2177 967 2220 nec
978 2175 1074 2241 grave
1084 2151 1253 2242 quiequam

142 2262 205 2329 530
231 2266 362 2328 Avertet
376 2263 499 2330 miseris
511 2265 632 2330 bellum
645 2281 699 2328 aut
711 2261 893 2328 discrimina
904 2260 992 2336 vitne3

228 2367 291 2433 Sed
303 2369 388 2433 bona
400 2367 589 2459 divitiasque
602 2392 713 2434 omnes
729 2365 857 2432 victoris
871 2365 957 2432 atari

229 2475 379 2566 Direptes
393 2494 525 2542 cernent
538 2476 685 2540 manibus
698 2497 706 2539 ι
720 2491 788 2541 tum
800 2496 916 2562 quassa
927 2488 1068 2540 tremore

227 2584 339 2646 Genua
351 2599 490 2646 trement
511 2610 518 2647 :
536 2599 665 2647 centum
675 2580 810 2668 fugient,
822 2596 951 2646 centum
965 2578 1125 2673 opprimet
1138 2599 1239 2658 unus3
1253 2615 1258 2622 ·

233 2691 273 2752 Et
284 2689 309 2752 si
323 2689 462 2778 quinque
473 2688 582 2771 velint,
601 2688 802 2775 disrumpant
813 2686 939 2776 agmina
951 2700 1031 2753 totu.

143 2793 207 2860 535
231 2795 283 2859 Sic
295 2795 338 2859 illi
353 2796 438 2859 foedo
450 2795 631 2860 miscebunt
642 2793 725 2858 bella
735 2791 888 2871 tumultu,

231 2900 448 2989 Laetitiamque
461 2900 564 2966 lerent
575 2899 658 2967 hosti
669 2898 851 2988 Graecisque
863 2896 1021 2964 dolorem.

275 3008 395 3074 Graecia
410 3024 478 3072 tota
483 3011 597 3097 jugum
609 3007 725 3071 famula
736 3007 858 3072 cervice
868 3005 1001 3071 subibit.

231 3115 335 3181 Omne
346 3130 452 3181 autem
463 3116 598 3180 mortale
610 3136 709 3202 genus
721 3112 871 3202 belloque
884 3111 1032 3200 sanieque

230 3219 375 3306 Occidet,
390 3236 422 3284 et
434 3220 545 3284 caelum
560 3217 710 3282 divinitus
726 3241 787 3282 aere
800 3216 933 3306 rigebit,

91 3317 98 3326 ⁶
144 3327 207 3404 540
231 3327 300 3390 Nec
311 3325 433 3415 pluvias
443 3326 567 3414 gremio
580 3324 713 3414 accipiet
723 3328 790 3410 jam
803 3325 905 3388 ferrea
920 3323 1025 3390 tellus.

232 3432 309 3497 Inde
322 3432 468 3500 lrotuines
480 3432 586 3499 cuncti
599 3431 713 3497 misera
724 3429 896 3496 formidine
907 3432 1068 3523 plangent,

232 3544 316 3606 Arva
328 3541 465 3624 inculta,
480 3540 614 3617 inarata,
633 3540 702 3606 sero
715 3537 867 3603 testarier
880 3539 965 3629 igne,

232 3646 332 3730 Queis
341 3647 464 3712 luctum
478 3647 628 3711 immittet
646 3645 713 3711 caeli
733 3663 890 3735 terraeqne
904 3663 1040 3721 creator,

143 3863 247 3919 —stn
263 3875 317 3926 sqq.
332 3858 441 3910 Servitus
455 3869 481 3910 et
495 3859 639 3910 omnimode
655 3857 805 3909 calamitates
821 3856 921 3907 Grecie
937 3857 1091 3908 imminentes
1106 3855 1179 3924 [post
1195 3854 1266 3908 illum

142 3944 256 3996 videlicet
267 3943 432 3996 Romanorum
445 3945 595 4009 incursum}
612 3972 643 3981 -

142 4136 185 4187 elii
216 4138 341 4203 χαλεπήν,
372 4137 438 4202 quod
477 4138 516 4187 sit
546 4138 689 4189 notandum.
757 4138 814 4185 539.
834 4131 1012 4185 Exlleutcron.
1027 4151 1083 4200 cap.
1098 4136 1141 4197 28,
1157 4136 1235 4186 ν.23.

177 4211 306 4280 ΙιῧὶΙζΙΣΙΙ.
322 4213 455 4262 Denterorr.
475 4229 529 4278 cap.
553 4216 593 4271 32,
611 4229 633 4264 v.
649 4215 688 4261 30.
757 4213 815 4262 tlt.
834 4210 910 4260 Codd.
934 4210 976 4260 atel
994 4212 1064 4269 tien
1086 4211 1155 4260 πόλιν
1178 4209 1266 4269 lusit.

179 4291 237 4338 bal.
256 4287 334 4339 Codrl.
356 4290 446 4354 χόλον,
469 4288 511 4339 ubi
534 4304 578 4338 nos
597 4288 687 4354 lo'gov:
723 4306 796 4355 quem
816 4291 898 4340 locum
914 4290 976 4340 male
993 4290 1053 4339 olim
1068 4298 1270 4348 nectareum.

145 4363 190 4414 elr.
204 4362 259 4414 lsai.
274 4380 330 4430 cap.
341 4366 383 4422 30,
396 4380 420 4417 v.
432 4367 471 4413 ll.
488 4365 515 4416 ln
524 4364 571 4415 line
581 4379 638 4413 vero
650 4365 691 4412 αὐ·
723 4382 789 4415 nuuc
807 4382 872 4416 corr.
885 4365 936 4416 Clr.
957 4365 1038 4423 cuim,
1054 4365 1098 4422 ΙΙΙ,
1111 4367 1177 4429 ⁴85,
1193 4364 1269 4418 κολό-

145 4439 204 4496 totle
217 4439 302 4506 accipe
314 4456 359 4506 pto
372 4440 478 4496 ἑαυτούς
496 4439 547 4491 tite
562 4441 690 4498 ἀλλήλους.
723 4459 813 4497 στονος
824 4434 919 4503 cinitot,
928 4450 952 4489 et
963 4441 1005 4502 xl,
1020 4443 1079 4501 tut,
1089 4441 1167 4490 διινὸν
1182 4458 1271 4490 στονα-

144 4514 266 4581 Sibyllitto
278 4530 356 4575 more,
365 4525 393 4566 ut
402 4513 445 4576 tlt,
458 4519 513 4573 121,
528 4524 553 4564 et
568 4519 626 4572 (tto,
640 4524 689 4565 ctc.
724 4516 829 4581 χήσεται
843 4510 938 4568 οἶκτον.
