3186 5310
276 403 306 451 tl
727 386 943 450 taurana.

278 522 433 612 cujusque
446 522 523 588 libri
538 522 662 612 origine
677 539 708 588 et
725 509 816 588 aetate
827 522 1055 591 disseruerunt.
1069 523 1134 609 Qui
1149 511 1176 590 si
1189 547 1316 591 mecum
1328 547 1395 590 non

276 655 377 722 usque
391 650 632 716 consenserunt,
650 631 731 697 adeo
743 657 795 697 me
809 656 874 698 non
888 632 976 723 piget
988 632 1080 699 istius
1097 632 1219 698 dissidii
1234 650 1395 700 utcontra

274 739 411 805 multum
432 740 505 805 iude
528 740 728 830 profecturas
749 757 859 830 putem
875 741 998 831 positas
1011 739 1044 805 in
1064 740 1170 816 medio
1190 741 1392 831 quaestiones.

273 850 383 933 Quum
405 866 513 914 autem
529 848 660 940 singulis
685 848 977 915 contradicentibus
999 849 1195 940 respondere
1221 874 1281 916 nec
1304 850 1396 918 locus

269 980 330 1024 nec
347 973 475 1048 tempus
490 957 585 1040 sinat,
602 958 753 1023 omnibus
770 982 822 1023 me
836 957 1074 1024 satisfacturum
1088 975 1179 1048 puto,
1195 957 1222 1024 si
1238 983 1313 1024 cum
1327 983 1394 1024 uno

268 1088 339 1130 rem
358 1088 462 1156 agam,
481 1066 536 1155 qui
551 1082 582 1131 et
596 1065 721 1156 plenius
742 1066 826 1131 hanc
847 1065 1016 1131 materiam
1039 1066 1199 1148 tractavit,
1215 1083 1248 1131 et
1264 1065 1394 1156 saepius,

269 1172 359 1263 quod
375 1197 459 1263 aegre
475 1177 591 1256 fatcor,
608 1198 626 1239 a
643 1174 800 1239 sententia
815 1197 885 1239 mea
900 1173 1057 1240 discessit.

312 1279 479 1360 Ewaldus,
507 1279 555 1344 vir
581 1278 614 1345 in
640 1296 774 1369 utraque
801 1278 974 1370 philologia
996 1302 1084 1344 sacra
1103 1278 1302 1369 profanaque
1318 1279 1382 1345 ola-

267 1386 424 1470 rissimus,
440 1386 527 1452 idem
547 1385 772 1473 injudicando
792 1386 1023 1475 sagacissimus,
1051 1387 1108 1452 sed
1132 1386 1293 1454 interdum
1307 1411 1386 1478 pro·

267 1492 432 1585 perantior
459 1509 503 1576 et,
534 1491 629 1558 silas
656 1491 775 1575 dicere,
797 1492 1011 1558 confidentior
1037 1491 1231 1584 (quanquam
1254 1493 1318 1560 hoc
1338 1494 1385 1560 illi

266 1627 333 1694 prae
351 1602 465 1671 ceteris
483 1602 669 1668 hominibus
690 1601 865 1668 condonari
891 1625 1016 1691 aequum
1039 1605 1216 1692 censeam),
1238 1602 1384 1669 disserta·

266 1709 390 1776 tionem
401 1710 441 1777 de
451 1709 615 1800 Sibyllinis
629 1733 723 1799 supra
738 1708 866 1773 citatam
883 1732 920 1774 ac
936 1732 1018 1798 saepe
1032 1709 1115 1774 infra
1132 1711 1383 1797 memorandam,

267 1817 407 1908 primum
434 1816 519 1883 inter
546 1834 615 1882 acta
644 1816 809 1882 Societatis
836 1816 944 1906 Regiae
973 1816 1191 1906 Giittingensis
1220 1817 1384 1902 insertam,

267 1923 384 1991 deinde
411 1923 582 2013 separatim
601 1923 827 2015 publicandam
847 1924 981 1989 curavit.
1009 1926 1127 2014 Inque
1146 1949 1245 2015 quum
1269 1926 1382 2010 multa,
1440 2013 1442 2018 Ι

266 2034 367 2099 immo
385 2055 476 2124 paene
502 2031 609 2097 omnia
628 2031 786 2122 reperiam
808 2055 826 2096 a
848 2055 941 2097 sensu
966 2055 1039 2096 meo
1059 2049 1195 2115 remota,
1211 2032 1293 2122 'quid
1318 2057 1385 2122 prae

267 2137 381 2204 ceteris
394 2136 630 2203 discutiendum
654 2137 833 2226 aggrediar,
849 2161 916 2203 non
930 2137 984 2204 diu
999 2161 1152 2227 quaeram,
1171 2137 1245 2226 quia
1263 2137 1385 2228 primus

265 2244 407 2310 occurrit
422 2262 514 2310 aetate
528 2262 560 2311 et
572 2244 676 2336 pretio
687 2245 769 2310 liber
784 2244 908 2327 tertius,
923 2244 963 2310 de
977 2269 1040 2334 quo
1053 2244 1132 2311 mihi
1145 2245 1282 2312 maxime
1294 2246 1383 2312 litem

267 2352 369 2418 movit
392 2352 507 2419 doctus
532 2352 745 2422 adversarius.
777 2353 897 2420 AEtate'
918 2351 1059 2443 primum
1087 2355 1268 2444 nuncupavi
1296 2355 1384 2421 hunc

266 2457 398 2542 librum,
416 2458 557 2550 exceptis
577 2477 685 2525 tamen
702 2458 826 2526 duabus
844 2459 1001 2550 partibus,
1018 2484 1082 2526 una
1096 2461 1226 2540 scilicet,
1242 2464 1301 2541 111,
1318 2470 1333 2544 5
1352 2487 1382 2545 r,

267 2583 458 2634 cunctorum
482 2566 683 2633 eruditorum
707 2591 864 2633 consensu
878 2592 897 2633 a
911 2567 1118 2657 sequentibus
1137 2567 1320 2652 recidenda,
1336 2587 1381 2652 et,

268 2691 423 2766 quantum
449 2675 585 2764 quidem
605 2674 684 2740 mihi
712 2675 854 2759 videtur,
874 2674 996 2755 media,
1020 2683 1036 2758 5
1063 2677 1100 2758 3,
1116 2676 1216 2742 scrius
1238 2676 1383 2768 interpo-

226 2861 229 2867 .
266 2783 348 2864 lata,
372 2781 414 2848 de
436 2805 499 2871 qua
523 2783 682 2872 praecipue
697 2781 735 2848 lis
748 2782 863 2872 agitur.
889 2783 973 2849 Nam
995 2782 1084 2872 quod
1106 2781 1208 2871 ipsam
1228 2805 1382 2849 nonnum

266 2889 392 2956 duabus
412 2889 562 2980 utrinque
574 2888 742 2980 proximis,
758 2899 773 2972 §
788 2914 805 2954 a
821 2907 854 2955 ct
868 2894 903 2974 d,
920 2889 1036 2956 eodem
1054 2912 1121 2954 aevo
1142 2889 1294 2980 scriptam
1310 2914 1383 2955 cen-

266 2998 399 3081 suerim,
420 2996 499 3064 vitio
523 2997 601 3063 mibi
625 2998 721 3064 vertit
739 2997 932 3064 clarissimus
944 2999 1005 3065 vir.
1023 2998 1108 3062 Nota
1128 3021 1181 3063 me
1199 2999 1230 3062 in
1247 2997 1296 3063 his
1311 3022 1382 3088 quae

267 3104 334 3169 dixi
351 3121 383 3170 et
401 3127 473 3194 quae
488 3105 605 3184 dicam,
623 3104 826 3194 designandis
844 3104 1044 3193 singulorum
1062 3104 1220 3169 librorum
1236 3105 1381 3194 partibus

266 3211 332 3277 sive
345 3211 539 3278 sectionibus
561 3236 617 3279 eos
630 3212 784 3278 adhibere
799 3235 965 3295 numeros,
981 3233 1062 3300 quos
1077 3210 1200 3301 primus
1216 3212 1249 3276 in
1260 3211 1382 3278 editio-

265 3343 340 3386 nem
349 3319 456 3385 invexi
470 3312 589 3404 meam,
606 3345 751 3411 quosque
759 3320 853 3387 video
861 3343 947 3386 nunc
956 3344 975 3385 a
985 3319 1129 3409 plurimis
1141 3320 1279 3387 admitti.

309 3428 451 3511 Atenim,
466 3428 551 3494 dicet
564 3429 691 3520 aliquis,
709 3430 897 3520 quantulum
910 3429 1055 3513 interest,
1069 3430 1131 3495 hoc
1148 3453 1189 3494 an
1206 3429 1260 3494 illo
1282 3429 1380 3495 modo

263 3535 338 3602 libri
346 3534 437 3601 istius
446 3535 532 3600 tertii
541 3553 648 3625 partes
657 3536 906 3603 distribuantur?
916 3536 1127 3621 Quantulum,
1140 3536 1267 3625 inquis?
1276 3539 1379 3603 Immo

263 3643 412 3709 multum.
433 3644 543 3726 Quum
559 3645 657 3726 enim,
677 3662 713 3710 ut
733 3644 811 3728 dixi,
834 3639 1069 3734 antiquissimus
1093 3643 1238 3708 omnium
1260 3643 1314 3708 hic
1339 3645 1381 3710 sit

261 3751 346 3819 liber
369 3750 402 3815 in
426 3750 464 3815 iis
489 3751 603 3816 saltem
628 3752 771 3842 partibus
801 3776 881 3842 quas
909 3751 1062 3841 genuinas
1086 3751 1209 3834 habet,
1241 3751 1379 3842 ideoque

261 3858 376 3923 ceteris
397 3855 489 3923 libris
515 3857 691 3924 condendis
711 3859 886 3949 praefucrit,
910 3880 1038 3925 necesse
1062 3873 1122 3940 est,
1145 3857 1232 3947 quod
1252 3881 1288 3923 re
1310 3858 1378 3949 ipsa

260 3980 468 4050 monstratur,
481 3967 662 4056 complures
672 3969 713 4032 ab
723 3966 794 4057 ipso
803 3965 944 4058 pendere
952 3967 1045 4048 alios,
1059 3989 1132 4033 cum
1143 3965 1245 4056 iisque
1253 3983 1377 4056 partem

172 4060 176 4070 ¹
258 4069 347 4137 haud
358 4072 506 4162 exiguam
519 4072 681 4162 Sibyllinae
696 4073 951 4164 compositionis.

302 4177 366 4244 Sed
380 4179 567 4270 priusquam
581 4179 622 4245 ad
640 4204 711 4246 eam
736 4181 911 4247 sectionem
935 4180 1086 4248 accedam
1104 4203 1176 4269 quae
1199 4179 1279 4245 mihi
1304 4203 1378 4246 cum

256 4286 326 4352 viro
351 4287 449 4353 docto
474 4286 611 4376 litigiosa
634 4304 695 4371 est,
720 4306 849 4378 oportet
868 4305 955 4354 recte
981 4288 1077 4354 statui
1103 4305 1282 4354 ceterarum
1303 4305 1379 4354 aeta·

255 4409 336 4477 tem,
351 4417 422 4485 quae
437 4394 479 4458 ab
493 4393 643 4460 omnibus
656 4394 801 4484 genuinae
817 4411 998 4463 censentur.
1015 4398 1168 4486 Designat
1183 4419 1255 4462 eam
1269 4393 1377 4486 Sibyl-

253 4498 326 4568 lista
339 4500 408 4592 ipse
422 4501 550 4568 duobus
563 4501 655 4585 locis,
679 4527 718 4570 ac
739 4503 880 4594 primum
901 4512 917 4586 5
939 4528 971 4589 a,
997 4527 1029 4571 v.
1051 4527 1126 4594 192,
1141 4527 1214 4596 sq.:
