3186 5310
475 413 761 477 austrannum
783 414 857 476 urs.
880 415 916 477 v.
1133 386 1137 395 ’
1191 415 1252 476 isa

223 545 360 625 Quando
375 547 591 614 Macedonicis
603 548 691 614 dirus
704 547 795 612 suror
807 546 935 613 invehet
952 546 1036 636 agris

223 651 446 743 Attxiliumque
461 654 535 720 duci
549 654 706 744 Hesperio
718 653 904 742 clademque
916 653 1071 744 tyrannis.

266 759 364 823 Terra
381 760 436 823 sed
453 761 588 826 hiberno
602 758 790 851 perllabitur
801 759 889 824 arida
902 758 991 838 flatu,

228 864 348 930 Rursus
360 884 392 931 et
406 892 501 932 omne
513 868 618 933 solum
635 867 809 932 vastabitur
820 866 938 955 impete
950 867 1037 932 belli.

224 970 311 1057 Ignis
328 975 412 1037 enim
430 975 518 1063 pluet
536 975 565 1038 iu
586 992 686 1039 terras
704 998 741 1037 ex
760 975 877 1038 aethere
897 997 1036 1052 summo,

225 1075 324 1164 Ignis,
340 1104 420 1168 aqua
436 1098 469 1145 et
483 1079 623 1170 sanguis,
645 1081 779 1167 fulmen,
799 1079 967 1168 noctisque
983 1082 1140 1154 tenebrae,

224 1186 265 1248 Et
283 1188 357 1251 belli
376 1189 478 1267 furor,
496 1206 529 1254 et
544 1206 626 1255 tetra
647 1190 678 1253 in
694 1189 827 1280 caligine
846 1188 960 1253 caedes.

223 1292 306 1357 Tum
325 1319 415 1383 reges
429 1319 553 1375 omnes,
571 1312 604 1360 et
618 1296 722 1360 clarus
735 1296 881 1384 quisque,
901 1296 1064 1384 peribunt,

136 1396 201 1460 380
226 1399 337 1465 Donec
354 1418 447 1465 atrox
464 1402 568 1492 capiat
581 1402 711 1466 demum
728 1401 887 1466 discordia
901 1401 1016 1478 finem;
1093 1476 1098 1482 ¹

223 1505 292 1569 Nec
307 1507 476 1595 quisquam
496 1507 609 1598 gladiis
624 1525 678 1572 aut
695 1508 780 1571 ferro
797 1507 880 1572 bella
899 1507 1041 1572 movebit

224 1611 395 1691 Praeterea,
410 1614 483 1679 telis
501 1637 558 1679 nec
576 1615 622 1677 las
636 1613 696 1676 erit
714 1614 850 1701 amplius
866 1612 929 1695 uti;

224 1719 285 1783 Sed
305 1723 444 1810 populus
464 1723 600 1813 sapiens,
617 1723 713 1786 fuerit
728 1722 921 1811 quicumque
934 1739 1106 1812 superstes,

223 1827 339 1891 Pacem
357 1830 445 1893 laetus
460 1847 544 1919 aget,
564 1830 647 1893 mala
665 1853 787 1916 passus,
812 1845 845 1892 ut
859 1847 892 1892 et
906 1830 991 1893 bona
1008 1829 1107 1894 norit.

137 1931 199 1997 385
269 1936 441 2001 Carnifices
460 1954 612 2015 matrum,
632 1936 730 2000 fastus
749 1936 901 1999 cohibete
916 1937 1086 2025 superbos,

225 2040 434 2130 Audacesque
450 2065 563 2106 manus
580 2064 588 2106 ι
605 2065 721 2129 pueros
739 2041 792 2128 qui
808 2039 956 2128 turpibus
970 2040 1047 2104 olim

226 2145 380 2212 Foedastis
398 2148 539 2237 gremiis,
556 2164 720 2235 castasque
737 2146 769 2209 in
786 2147 885 2210 lustra
902 2146 1026 2236 puellas
1120 2130 1125 2138 .

226 2250 354 2339 Egistis‚
369 2253 510 2342 praedam
524 2254 664 2317 obsceno
680 2269 712 2316 ct
728 2251 864 2316 ludibria
880 2252 987 2340 vulgo.

227 2359 263 2420 ln
279 2375 309 2422 te
327 2360 444 2448 quippe
461 2383 576 2448 parens
592 2375 669 2424 nato
685 2359 871 2437 commixta,
890 2381 1012 2446 suoque

74 2461 79 2471 ’
138 2460 202 2547 390
227 2463 307 2527 Filia
323 2483 421 2553 nupta
435 2464 532 2553 patri.
550 2467 654 2553 Reges
670 2489 706 2529 os
719 2481 813 2553 turpe
830 2463 966 2528 nefanda

226 2570 414 2636 Polluerunt
427 2596 556 2655 venere,
571 2589 604 2636 et
621 2572 782 2662 pecudum
797 2572 946 2660 placuere
964 2570 1090 2636 scelesti

224 2677 434 2744 Concubitus.
453 2678 544 2741 Heu!
563 2675 680 2741 flebilis
695 2678 784 2756 urbs,
799 2679 878 2741 heu!
896 2676 1042 2740 cantibus
1058 2675 1135 2739 olim

225 2782 335 2859 Plena,
353 2783 423 2866 sile,
441 2783 546 2847 nullas
561 2785 696 2873 postlrnc
712 2783 861 2847 habitura
877 2782 1025 2848 choreas.

226 2888 301 2952 Non
314 2888 373 2952 tibi
382 2890 450 2974 jam
464 2912 591 2954 sacrum
606 2889 700 2977 lignis
719 2888 866 2953 vitalibus
883 2888 989 2977 ignem

138 2995 201 3080 395
226 2994 385 3082 Virgineae
394 3013 526 3085 pascent
538 2997 617 3060 intra
634 2996 810 3086 penetralia
829 3018 923 3061 cume.

227 3101 399 3166 Exstinetae
414 3101 473 3166 tibi
487 3118 561 3165 sunt
575 3125 649 3181 arae,
666 3125 745 3190 quas
759 3101 820 3165 rite
835 3100 978 3180 fovebas,
1057 3145 1060 3148 «

227 3210 322 3288 Τιιιιι,
338 3231 435 3296 quum
450 3210 646 3298 praecipitem
662 3207 798 3273 llammis
814 3206 1041 3296 superantibus
1056 3205 1158 3271 tndem

228 3314 366 3403 lmpuris
382 3314 495 3378 iterum
509 3315 657 3379 manibus
670 3315 883 3404 procumbere
900 3312 977 3389 vidi,

229 3419 347 3483 AEdem
364 3437 520 3508 perpetuo
533 3419 701 3484 llorentem
718 3418 872 3500 Numine,
889 3417 1047 3507 templum

139 3612 185 3664 Sed
197 3624 320 3663 crementa
331 3630 393 3681 saepe
404 3613 467 3663 male
481 3612 585 3679 produci
601 3613 627 3662 in
642 3614 681 3662 Si·
712 3624 736 3665 et
747 3624 827 3663 tamen
837 3614 944 3679 placeret
958 3613 1032 3679 magis
1043 3613 1111 3679 παρὰ
1123 3613 1260 3674 saltasse,

140 3688 237 3756 byllinis
248 3690 299 3754 jam
313 3689 386 3739 nimis
398 3689 493 3755 experti
506 3705 597 3739 sumus.
713 3689 733 3738 si
747 3689 840 3740 liceret.
851 3688 928 3739 Codd.
945 3691 989 3749 τὴν
1003 3689 1047 3749 τῆς
1060 3687 1160 3746 babent,
1174 3689 1261 3739 ιιοιιτὸ

173 3766 229 3815 979.
244 3764 293 3814 Cir.
306 3781 388 3832 supra.
405 3769 461 3816 199.
715 3765 759 3824 τῆς
770 3780 778 3816 :
790 3780 835 3814 nos
848 3779 912 3814 corr.

174 3841 230 3888 995.
250 3842 290 3897 11η
296 3842 409 3906 epotetur
423 3840 518 3906 poetice
532 3839 642 3890 extendit
653 3840 684 3889 sd
750 3842 808 3890 395.
829 3838 894 3890 otim
906 3839 1045 3888 solebamus
1056 3839 1205 3905 ὢρήοουσιν.

139 3912 260 3964 Romnum
274 3914 378 3963 Neronis
390 3915 475 3964 scelus.
751 3918 807 3965 396.
828 3914 1026 3981 lntemretandus
1042 3914 1212 3980 πιποθημένος
1225 3908 1264 3964 ol·

175 3992 233 4039 996.
252 3990 355 4040 Rectum
368 3998 405 4039 est
419 3989 547 4057 lsopltssss
561 3988 687 4040 «invenis-
717 4008 763 4046 κος
780 3990 811 4041 de
825 3990 877 4039 tede
893 3988 982 4048 Veste,
1003 3988 1030 4037 in
1042 4004 1092 4053 qua
1106 3987 1186 4039 fatalis
1203 3989 1265 4055 ignis

141 4062 181 4122 tis,
192 4064 309 4115 intulistis
319 4087 344 4124 a,
354 4074 382 4114 ut
391 4063 463 4123 inira,
476 4068 534 4124 992,
549 4056 632 4132 εὗρον.
718 4066 757 4117 vel
769 4073 917 4114 memoratur
926 4064 964 4114 vel
974 4062 1073 4128 fingitur
1081 4064 1214 4114 exstinctus
1225 4081 1266 4114 eo·

176 4142 232 4190 989.
252 4140 327 4190 Codd
336 4142 415 4203 τέκνῳ
423 4140 560 4202 ἀθεμίστως
568 4141 690 4203 plasmas
720 4140 775 4190 dem
789 4150 898 4205 tempore
910 4137 1007 4197 Rome,
1021 4154 1071 4204 quo
1088 4139 1190 4188 cadebat
1208 4139 1272 4206 Hie<

141 4229 206 4263 corr.
220 4214 366 4264 Producitur
377 4225 459 4265 autem
471 4214 539 4280 prior
548 4213 574 4263 in
584 4217 651 4280 μΐγη,
663 4224 689 4264 ut
721 4215 848 4281 rosolymis
861 4213 922 4264 edes
940 4229 1008 4263 sacra
1023 4229 1029 4261 :
1044 4213 1084 4262 cui
1098 4213 1161 4263 cladi
1177 4214 1267 4264 iterum

141 4305 224 4356 supra,
236 4293 294 4341 318.
312 4290 375 4340 llale
390 4289 417 4339 in
430 4288 552 4339 Romanos
565 4289 691 4340 confertur
722 4289 858 4340 interfuisse
872 4289 978 4350 sedicit,
991 4288 1106 4356 διύτιρον
1122 4282 1187 4338 εἶδον
1206 4289 1266 4353 ἐγώ,

141 4363 208 4428 qtsod
219 4364 299 4416 verim
307 4365 434 4424 inl'ersas,
445 4365 499 4424 vlt,
511 4367 553 4426 ts,
570 4381 608 4431 sq.
723 4366 797 4416 semel
805 4380 892 4430 nempe
900 4363 946 4413 sub
953 4362 1065 4429 Assyriis,
1073 4363 1163 4413 iterum
1172 4364 1271 4415 subllo·

176 4443 234 4491 991.
254 4439 337 4491 Palam
351 4449 388 4490 est
404 4441 458 4491 σιῖο
474 4456 520 4506 pro
533 4441 574 4491 ool
588 4440 694 4506 positum
725 4441 918 4501 numismatum
937 4437 1029 4505 Sibylla
1042 4438 1118 4490 etatis
1134 4454 1183 4491 sun
1201 4437 1278 4490 tntu:

141 4513 191 4576 bic,
204 4524 232 4565 ut
246 4516 319 4582 paulo
335 4515 412 4576 inin,
431 4518 489 4575 999,
503 4525 527 4566 et
543 4515 615 4580 11111,
629 4518 694 4574 tst;
728 4516 791 4574 lose,
804 4513 1031 4582 πολυχρονιωτάτη.
1231 4528 1240 4538 “
