3186 5310
487 420 771 485 SIBYLLINORUM
791 422 865 486 LIB.
887 423 924 485 11.

244 555 360 637 Venas,
381 569 474 642 atque
489 570 608 637 cutem,
629 553 794 644 fluxosque
812 556 845 620 in
866 556 945 621 colla
961 557 1090 647 capillos
1109 580 1118 624 t

154 662 216 727 225
241 661 335 726 Unde
354 661 472 725 refecta
491 685 614 726 novum
634 686 807 752 rursusque
824 662 962 728 animata
981 663 1124 753 vigorem

241 771 384 859 Corpora
401 768 595 860 concipient,
613 770 715 859 spatio
736 770 875 836 rediviva
895 770 970 837 diei.
1008 799 1011 807 ¹

283 881 324 942 Et
345 895 421 943 tunc
434 878 549 943 immiti
564 878 710 967 duroque
725 879 893 945 adamante
912 879 1052 969 rigentes

240 982 361 1047 Inferni
376 998 499 1071 portas,
518 982 657 1071 Oroique
678 981 828 1047 immania
851 983 998 1065 claustra,

240 1091 358 1179 Ingens
374 1088 494 1179 ingenti
508 1107 636 1180 rumpet
654 1090 804 1155 convulsa
821 1089 913 1154 ruina

153 1197 218 1263 230
242 1198 382 1288 Angelus
396 1197 498 1280 Uriel,
515 1197 732 1287 lugubresque
748 1198 861 1263 ordine
877 1198 995 1263 formas

241 1304 366 1369 Iudicio
387 1303 488 1386 sistet,
510 1305 612 1368 turbae
630 1304 797 1370 simulacra
820 1306 951 1395 sepultae
974 1333 982 1370 ε

239 1411 392 1477 Titanum
404 1410 547 1501 inprimis
561 1427 878 1501 monstrosorumque
891 1412 1054 1502 gigantum
1065 1438 1073 1489 ;

240 1519 326 1582 Tum
343 1541 424 1608 quos
440 1517 594 1582 diluvium
610 1517 658 1582 vel
676 1541 757 1607 quos
772 1506 970 1582 maris'unda
988 1516 1150 1606 profundo

240 1624 442 1715 Absumpsit3
460 1648 586 1689 necnon
597 1648 679 1714 quos
691 1641 893 1714 serpentesve
907 1624 1020 1690 feraeve

152 1733 215 1800 235
240 1737 304 1800 Aut
321 1734 466 1798 volucres
486 1732 585 1797 avidis
603 1731 777 1797 hauserunt
797 1731 955 1815 saucibus,
978 1754 1089 1797 omnes

239 1841 405 1916 Adducet3
426 1863 571 1929 quosque
585 1838 665 1927 ignis
681 1838 761 1903 edax
776 1853 807 1902 et
821 1836 949 1903 flamma
963 1840 1095 1922 voravit,

213 1963 215 1967 '
239 1950 341 2039 Coget
358 1948 469 2013 adesse
490 1946 548 2012 Dei
565 1963 737 2035 praesentes
759 1963 832 2010 ante
853 1947 1004 2011 tribunal.

283 2054 346 2119 Sed
361 2071 533 2144 postquam
550 2053 681 2155 exciepit
694 2052 874 2133 defunctos,
889 2053 953 2116 fata
971 2052 1145 2133 resolvens,

240 2159 268 2221 Τ
270 2182 325 2222 um
337 2182 413 2223 vero
426 2157 567 2223 Sabaoth
583 2156 722 2238 Adonai,
738 2154 880 2220 fulminis
894 2170 1017 2236 auctor,

154 2269 217 2345 240
240 2265 362 2331 Caelesti
381 2265 463 2330 sidet
477 2265 572 2347 solio,
591 2263 810 2353 grandemque
825 2264 1009 2329 columnam

240 2371 343 2461 Figet.
364 2372 415 2437 Ad
431 2384 584 2436 aeternum
598 2371 706 2462 proles
724 2388 840 2435 aeterna
852 2355 1022 2435 Parentem

241 2480 326 2544 Tum
341 2478 449 2543 veniet
460 2477 618 2559 Christus,
633 2478 735 2542 multo
753 2477 933 2542 succinctus
951 2472 1087 2559 honore,

241 2584 388 2649 Nubibus
408 2585 562 2665 invectus,
582 2583 751 2673 geniorum
768 2599 890 2648 astante
908 2607 1041 2665 corona,

243 2692 283 2754 Et
306 2691 418 2756 dexter
438 2690 542 2755 Patris
562 2689 643 2755 solio
659 2688 803 2755 considet
820 2690 854 2753 in
870 2691 948 2773 alto,

156 2797 219 2878 245
242 2798 258 2862 J
261 2796 367 2863 udicet
377 2814 413 2862 ut
425 2820 532 2863 mores
546 2797 714 2863 hominum
727 2819 907 2887 pravosque
919 2799 1095 2887 bonosque.

244 2904 308 2970 Olli
321 2905 433 2994 ingens
446 2903 549 2970 aderit
563 2905 686 2988 Moses,
705 2925 804 2992 quem
819 2904 948 2969 Numen
966 2905 1096 2987 amavit,

244 3014 377 3102 Sumpta
396 3034 620 3078 camaracam
640 3011 831 3076 =Abrabam
853 3032 984 3101 quoque
1002 3035 1149 3101 magnus,
1167 3031 1200 3097 et
1213 3038 1276 3080 una

246 3122 335 3185 Isaac
348 3136 442 3209 atque
456 3120 569 3201 Jacob,
584 3119 690 3201 Josve,
706 3117 832 3199 Daniel,
847 3118 945 3201 Elias,

246 3228 443 3307 Hambacus,
463 3242 495 3290 et
509 3227 524 3288 J
528 3248 619 3306 onas,
640 3241 672 3289 et
685 3247 766 3313 quos
775 3225 791 3289 J
794 3223 883 3288 udaea
897 3224 1041 3293 necavit.-

158 3334 223 3401 250
293 3338 335 3398 At
352 3333 494 3422 reliquos
514 3331 596 3398 solio
612 3331 731 3397 exalto
752 3331 920 3397 damnabit
939 3332 1106 3416 Hebraeos,

245 3442 310 3529 Qui
331 3457 404 3531 post
421 3437 592 3503 Jeremiam
612 3439 740 3519 fuerint,
767 3454 802 3502 ut
820 3437 916 3528 digna
932 3439 1066 3528 patratis

247 3552 428 3641 Accipiam,
452 3565 484 3612 et
502 3569 573 3637 quae
588 3545 718 3611 mortali
737 3543 813 3613 fecit
828 3545 862 3610 in
880 3570 960 3630 aevo,

248 3659 393 3747 Quisque
412 3657 490 3721 luat.
509 3656 605 3735 Tum,
626 3669 788 3741 quotquot
802 3669 909 3734 erunt,
931 3676 990 3744 per
1008 3652 1127 3722 flumen
1145 3658 1282 3748 'agentur

248 3767 335 3857 [gnis
355 3763 538 3829 inexstincti
554 3763 679 3848 :justos
698 3760 784 3825 unde
803 3760 922 3827 eximet
942 3785 1054 3829 omnes

164 3876 225 3942 255
250 3879 344 3940 Certa
361 3871 465 3949 salus,
483 3886 515 3934 at
530 3886 617 3935 certa
632 3868 734 3933 malos
750 3883 782 3931 et
796 3869 828 3931 in
846 3892 943 3933 omne
958 3871 1100 3937 manebit

250 3978 412 4047 Pernicies
432 4000 547 4058 aevum,
568 3976 624 4066 qui
642 3975 830 4041 commisere
849 3976 1000 4059 nefanda,

165 4174 207 4224 sed
219 4188 268 4224 nna
280 4181 316 4222 est
327 4169 417 4221 Graecis
425 4168 516 4218 usitata
529 4166 606 4218 forma
629 4166 714 4234 Ὰμσα.
747 4164 852 4226 toftum,
871 4181 902 4215 εχ
918 4166 1031 4235 dome
1048 4170 1092 4222 diu
1111 4185 1209 4243 mmo
1227 4180 1292 4246 md

164 4251 241 4316 ῐθΰμ,
253 4265 306 4316 ‹111oe
317 4246 393 4297 latine
407 4245 530 4294 Habacuc.
748 4252 842 4292 veteres
865 4242 1007 4311 theologos,
1024 4247 1117 4314 dequo
1136 4251 1220 4305 confer
1232 4254 1293 4307 Ege,

200 4329 257 4377 ²5⁰·
277 4325 316 4374 An
327 4321 483 4373 scribendum
499 4319 624 4386 ’lpeatava
748 4328 824 4370 nostr.
836 4317 878 4377 tu,
894 4333 948 4386 οῑψ·
966 4323 1007 4380 24,
1023 4323 1113 4375 atride
1125 4337 1177 4378 aot.
1195 4374 1198 4385 ,

199 4402 257 4452 252.
277 4398 355 4450 Godd.
366 4404 455 4464 preter
466 4411 550 4452 unum,
567 4392 663 4459 ἔπραξε.
783 4397 841 4446 256.
856 4393 997 4445 Notandum
1019 4398 1054 4454 ιῑς
1072 4401 1163 4459 αἰῶνας
1175 4405 1250 4464 ὄχους
1266 4408 1300 4460 ob

200 4479 257 4536 ἴω,
268 4489 321 4542 sqq.
333 4472 383 4524 Per
395 4471 457 4523 illud
471 4468 572 4521 sonasse
584 4468 677 4519 tumen
687 4467 719 4519 de
751 4469 899 4520 contrariam
911 4487 981 4538 pune
991 4475 1210 4532 sententieminfra
1221 4484 1305 4550 prof*

167 4566 217 4619 ‘1¹¹⁰
228 4566 312 4621 supra,
327 4552 390 4610 ¹⁹⁶3
406 4541 719 4615 periguemoeroepma..
754 4545 867 4608 renum,
881 4549 940 4605 aar,
959 4563 1012 4614 «ῃ.
