3186 5310
231 400 290 458 ⁶266
552 401 810 461 2661266166666
833 402 959 460 ΛΟΙῸΣ
981 402 1029 461 Ιλ.
1081 438 1086 447 -

335 545 458 639 Φεύχων
482 531 669 639 [ἔκπατρις]
688 539 815 637 φοθερὸν
836 537 888 611 διὰ
909 553 1010 636 μῶλον
1032 530 1142 637 Ᾰρηος,

338 647 543 730 Ιλαστάζων’
521 678 676 742 ωμοισιν
664 653 711 717 ἑὸν
731 679 785 743 πρ
775 647 863 718 ε’σθυν
878 662 1035 744 γενετῆρα,

339 751 488 823 Υἱὸνδ”
476 760 650 851 ενπαλάμιρ
670 762 809 849 κατέχων
829 744 964 888 [μρνον],
988 754 1142 836 εὐσεθὲςὲ
1144 785 1216 850 ρχον

236 862 297 928 ι5ο
336 847 431 950 δέξει,
447 865 627 933 παπταίνων
645 866 731 942 ὅστις
752 869 845 955 πυρὸς
865 867 979 955 ἔσχισεν
997 870 1092 957 ὁρμήν

340 970 508 1063 Αἰθομένης
526 972 649 1062 Τροίης,
665 972 717 1037 καὶ
734 971 926 1065 ἐπειγόμενος
947 963 989 1037 δι’
1003 976 1124 1064 ὀμιλου,

341 1081 524 1169 Δειμαίνων,
547 1062 711 1171 [περάσει]
729 1085 819 1171 γαῖαν
839 1073 970 1170 ροθερήν
991 1103 1024 1144 τε
1045 1079 1218 1146 θάλασσαν.

340 1185 467 1276 Ούνομα
482 1177 517 1250 δὲ
532 1188 639 1276 σχήσει
656 1185 694 1250 τὸ
714 1181 936 1276 τρισύλλαθον·
957 1188 990 1250 οὐ
1011 1184 1069 1278 γὰρ
1088 1184 1210 1274 ἄσημον

340 1292 498 1382 Στοιχείου
519 1295 688 1382 ἀρχομένου
704 1282 797 1364 δηλοῖ
812 1293 865 1358 τὸν
883 1295 1055 1383 ὑπέρτατον
1076 1285 1186 1386 άνδρα.

236 1396 296 1461 ι55
341 1391 402 1462 Καὶ
418 1389 575 1464 66666’
558 1405 716 1474 ανστησειε
730 1398 869 1490 πολινκ
873 1422 924 1462 ατε
928 1402 978 1486 ήν
997 1424 1030 1463 τε
1046 1401 1209 1465 Λατινων

339 1507 464 1570 Πέντ”
452 1505 502 1571 επὶ
524 1489 604 1598 [καὶ]
623 1496 780 1589 δεκάτῳ
764 1512 825 1571 ετεῖ
842 1503 891 1570 ἐπὶ
914 1505 1044 1586 βένθεσιν
1061 1506 1162 1597 ἅλμης

339 1589 455 1675 Ῠδασιν
475 1603 649 1700 ὀλλύμενος
655 1617 760 1745 σχήσει
776 1610 920 1676 θανάτοιο
941 1614 1094 1685 τελευτήν.

340 1704 429 1781 Ᾱλλά
444 1717 497 1806 μὲν
514 1709 620 1783 οὐδὲθ
605 1717 715 1782 θανόντ
712 1719 919 1792 ἐπιλήσεται
938 1717 1023 1782 ἔθνεα
1043 1729 1163 1807 φωτῶν

339 1805 489 1928 Αρξειὰ
407 1848 506 1915 ειχαρ
493 1824 610 1914 ργενεή
630 1825 741 1888 τούτου
757 1824 969 1913 μετόπισθεί
954 1824 1132 1889 απάντιον

239 1931 299 1994 160
338 1910 487 2018 Ᾱχριςέπ
489 1928 675 2022 Ἐὐφράτου
692 1929 779 2021 Τίχρ
774 1955 854 2006 .ος.
833 1937 981 2019 ποταμῶν
1002 1927 1060 1994 ἀνὰ
1078 1932 1187 2021 μέσσον

339 2037 450 2141 Χώρης
467 2022 670 2128 Ᾱσσυρίων,
652 2061 735 2108 οππη
750 2039 898 2124 μηκύνετο
911 2035 1055 2127 Πάρθος.-

339 2143 505 2208 Εσσεται’
493 2144 677 2229 εσσομένοις,
693 2144 811 2208 ὁπόταν
827 2133 968 2207 τάδε
921 2167 1026 2209 παντιι
1043 2147 1181 2316 χένηται.

392 2248 456 2314 Καί
470 2274 561 2326 τιςπ
538 2243 706 2340 πρέσθυς’
689 2250 763 2340 ανὴρ
780 2249 871 2340 σορὸς
887 2251 1009 2315 ἔσσεται
1028 2246 1110 2328 αὖθις
1130 2242 1249 2334 οἱοιδὸς,

342 2332 387 2419 ὃν
408 2353 517 2431 πάντες
532 2358 672 2421 καλέουσι
687 2359 868 2443 σοφώτατον
886 2360 915 2422 ἐν
935 2355 1132 2444 μερόπεσσιν

240 2462 299 2526 ι65
342 2458 389 2526 06
412 2460 581 2550 κύσριοςρ
542 2488 581 2546 πρ
585 2452 743 2526 απίδεσσιν
765 2463 834 2538 ὅλος
853 2451 1123 2529 παιδεύσεταιθ
1074 2488 1106 2528 εσ
1108 2463 1202 2541 θλαῖς.

342 2564 460 2655 Γράψει
473 2565 531 2660 γὰρ
550 2567 701 2658 κεφαλαια
719 2557 825 2654 [κατὰ]
847 2559 976 2658 δύναμίν
996 2572 1024 2632 τ’
1041 2568 1196 2635 ἐπίνοιαν·

343 2671 409 2737 Καί
426 2698 461 2739 τε
475 2680 578 2763 σαρῶς
596 2669 708 2764 γράψει
728 2672 802 2762 μάλ’
821 2674 979 2764 άθέσρατα
998 2670 1110 2740 άλλοτε
1129 2673 1244 2758 κάλλη,

339 2782 444 2845 Τοῖσιν
461 2781 559 2868 ἐμοῖσι
573 2780 678 2870 λόγοις
696 2781 817 2870 μέτροις
833 2766 891 2873 [τ’]
910 2783 1028 2847 ἐπέεσσι
1042 2785 1215 2871 κρατήσας·

341 2887 443 2961 Αὐτὸς
460 2882 518 2977 γὰρ
541 2887 716 2975 πρώτιστος
736 2883 809 2975 ἐμὰς
831 2881 955 2968 βίθλυυς
974 2887 1161 2970 οἱναπλῶσει,

239 3017 299 3082 ¹7⁰
338 2991 400 3058 Καὶ
417 2987 523 3085 κρύψει
543 2987 624 3082 μετὰ
646 3001 758 3073 ταῦτα,
778 2992 833 3057 καὶ
849 2983 994 3082 ἀνδράσιν
1014 2995 1117 3059 οὐκέτι
1134 2987 1224 3071 δείξει

343 3084 384 3176 16<
398 3101 486 3175 τελσς
505 3101 668 3191 οὐλομένου
688 3095 821 3165 θανάτου
837 3100 954 3182 βιότοιο
977 3104 1135 3178 τελευτῆς.

398 3193 500 3270 ιθλλΗ
486 3207 602 3272 υπόταν
619 3197 657 3280 δή
678 3215 779 3272 ταῦτα
797 3190 888 3298 [άπερ
905 3193 1003 3290 ειπον]
1019 3209 1182 3300 τελειωθῇ,

342 3295 473 3388 Έλληνες
488 3308 634 3377 πάλιν
599 3311 654 3377 αυθ
658 3338 683 3388 ις
697 3316 734 3378 ἐπ
737 3312 914 3388 ’ἀλλήλους
934 3312 1117 3442 μαχέονται,

343 3407 544 3509 Ᾱσσύριοι,Α
526 3400 637 3507 αθές
651 3443 697 3500 τε,
717 3417 974 3509 ραρετρορύροιτ
976 3417 1046 3482 ’ἔτι
1065 3411 1184 3502 Μῆδοι,

241 3527 301 3617 175
343 3526 475 3613 Πέρσαι,
498 3443 562 3588 καὶρ
569 3524 698 3606 Σικελοὶ,
715 3515 814 3589 Λυδοί
834 3525 863 3589 τ’
882 3526 1162 3607 ἐπαναστήσονται,

343 3633 472 3722 Θρῇκες,
485 3626 604 3692 Βιθυνοί
618 3653 668 3709 τε,
690 3628 742 3694 καὶ
762 3624 790 3694 66
808 3626 893 3720 παρὰ
910 3632 1035 3722 ῥεύμασι
1054 3629 1165 3697 Νειλου

347 3734 477 3803 Ναίουσι
496 3733 584 3826 γαέην
606 3733 835 3825 καλλίσταχυν·
855 3738 885 3802 έν
902 3728 937 3802 δὲ
959 3727 1105 3828 κυδοιμὸν

350 3845 449 3909 Πᾶσιν
464 3846 542 3933 ὁμοῦ
559 3839 643 3914 θήσει
656 3840 732 3919 Θεὸς
748 3838 893 3931 ἄφθιτος·
918 3839 998 3907 ἀλλὰ
1018 3843 1090 3935 μαλ’
1107 3843 1196 3922 αἰνῶς

239 4065 269 4073 -
283 4037 337 4090 163,
349 4048 402 4097 sqq.
413 4032 531 4081 Homerus
541 4030 605 4094 [non
619 4029 690 4079 aliter
704 4031 752 4080 huc
761 4032 881 4080 adductus
895 4047 968 4095 quam
984 4031 1016 4080 ob
1037 4032 1130 4082 bellum
1142 4033 1276 4098 Trojanum
1287 4041 1369 4089 modo

239 4117 425 4181 memoratuml.
441 4143 472 4152 -
490 4118 545 4176 162,
568 4129 621 4179 sqq.
637 4113 705 4164 Bella
719 4130 763 4179 per
774 4131 856 4165 οιιιιιεε
870 4125 960 4180 gentes.
976 4144 1013 4154 -›

277 4277 332 4322 167.
352 4269 428 4320 6:066.
445 4267 563 4333 ἔκπαριςι
577 4268 695 4317 medelam
704 4277 782 4317 osten·
851 4271 906 4320 150.
921 4270 998 4320 Codd.
1019 4273 1084 4338 ῥήξει
1100 4272 1236 4321 :medelam
1255 4290 1372 4331 semem

240 4349 277 4398 dit
291 4349 402 4404 Klausen,
418 4343 512 4395 admisit
527 4343 615 4392 Friedl.
817 4345 929 4396 Klausen.
945 4346 980 4395 De
991 4347 1077 4395 ceteris
1091 4346 1215 4406 06.v111‚
1232 4351 1256 4398 9.

277 4426 332 4475 169.
350 4420 425 4471 codd.
439 4420 516 4482 νόμον
526 4418 564 4466 vel
576 4418 671 4481 νόμων,
683 4419 726 4468 ubi
740 4435 784 4468 nos
854 4423 909 4470 152.
928 4421 1005 4470 codd.
1018 4423 1105 4477 παῖδας
1119 4424 1153 4480 εῐς
1164 4425 1209 4487 γῆν
1222 4441 1227 4471 :
1239 4439 1286 4476 nos
1298 4444 1371 4479 corr,

243 4498 329 4560 μόνον.
854 4499 908 4545 655.
928 4496 1003 4546 Codd.
1017 4494 1170 4555 ἀναστήσειέ.
