3186 5310
499 409 787 475 SIBYLLINORUM
806 409 880 472 ΠΒ,
901 412 940 474 11.

240 541 401 631 Obtigerit
419 542 533 608 vidisse
549 543 652 610 diem!
672 544 757 611 Nam
769 544 874 610 lurida
889 543 1045 610 mundum

238 648 313 713 Nox
327 649 389 715 late
400 650 593 717 immensum
605 652 746 718 tenebris
762 652 922 732 obvolvet,
941 652 983 715 ab
1002 667 1074 718 ortu
1110 648 1117 666 ⁸

156 754 215 844 195
240 755 323 821 Solis
337 756 377 821 ad
396 781 540 840 occasus,
554 783 572 824 a
587 776 676 849 parte
692 758 851 849 aquilonis
867 775 900 824 et
910 758 1020 837 austri.
1038 770 1042 781 '

239 864 330 928 Tunc
344 863 459 930 ardens
474 864 587 931 fluvius
598 866 741 932 manabit
751 867 793 931 ab
808 867 925 931 aethere
937 888 1064 932 summo

240 969 435 1054 Flammeus,
451 989 546 1061 atquc
563 973 651 1040 locos
665 997 778 1040 omnes
791 974 838 1038 vis
852 973 945 1062 ignea
959 974 1085 1063 perdet,

239 1077 448 1167 Terramque,
462 1103 682 1170 oceanumque
695 1080 869 1170 ingentem,
884 1097 917 1146 et
927 1082 1041 1147 caerula
1053 1079 1144 1170 ponti

242 1184 372 1273 Stagna,
392 1186 491 1267 lacus,
510 1185 635 1270 fluvios,
655 1188 773 1271 fontes,
792 1190 979 1278 Orcumquc
994 1177 1166 1271 severunt,

156 1312 218 1353 aoo
242 1291 471 1382 Caelestemque
487 1294 596 1384 polum
610 1324 619 1362 ;
633 1296 699 1360 caeli
715 1318 846 1386 quoque
864 1295 969 1361 sidera
987 1295 1020 1360 in
1034 1318 1135 1362 unum

242 1400 462 1466 Concurrent:
479 1402 706 1468 mundivacua
725 1401 892 1493 apparebit
910 1402 1030 1491 imago.
1058 1442 1061 1448 ·

242 1505 389 1595 Namque
403 1508 459 1573 ubi
473 1508 512 1574 de
530 1511 607 1575 caelo
623 1511 722 1575 stellae
735 1510 886 1576 labentur
903 1508 936 1575 in
953 1533 1076 1600 sequor,

241 1614 389 1703 'l'otaque
403 1614 578 1681 flammanti
595 1615 692 1682 lluvio
704 1635 744 1682 'et
757 1616 788 1681 vi
802 1616 964 1708 sulphuris
976 1633 1045 1684 usta

243 1722 330 1786 Gens
342 1720 524 1803 hominum,
538 1724 654 1790 strictis
666 1725 827 1790 infrendet
839 1724 1002 1805 dentibus,
1014 1723 1086 1814 ipso

157 1827 219 1893 205
244 1830 311 1893 Sub
323 1830 460 1919 pedibus
471 1832 627 1898 candente
639 1832 710 1897 solo
727 1862 735 1896 :
754 1849 830 1898 tunc
842 1833 950 1898 omnia
960 1847 1085 1897 vertent

246 1937 283 2000 ln
297 1937 451 2020 cinerem,
472 1955 504 2003 et
522 1939 635 2005 mundi
651 1938 780 2005 viduata
797 1940 955 2005 clementa
969 1939 1135 2026 jacebunt,

247 2046 323 2124 Aer,
345 2061 441 2127 terra,
458 2046 565 2136 polus,
584 2070 686 2129 mare,
701 2047 769 2129 lux,
788 2063 977 2135 noctesque,
996 2046 1147 2136 diesquc3

247 2151 315 2215 Nec
328 2153 394 2236 jam
414 2169 463 2218 tot
478 2154 623 2219 volueres
640 2154 809 2221 sulcabant
823 2158 897 2219 aira
911 2153 1038 2244 pennis.

249 2258 323 2322 Non
337 2258 416 2324 vada
432 2261 626 2350 squamigeri
641 2259 745 2350 pisces
765 2284 823 2350 per
841 2261 922 2326 salsa
938 2261 1106 2343 natabunt,

161 2388 225 2431 ato
248 2364 322 2429 Non
338 2366 475 2457 spatium
493 2391 678 2457 aequoreum
693 2368 782 2432 navis
793 2367 987 2434 transmittet
1001 2382 1129 2449 onusta,

249 2473 326 2538 Non
343 2474 404 2540 bos
419 2473 554 2540 infindet
565 2492 671 2541 rectos
685 2498 744 2565 per
754 2478 866 2564 jugera
879 2475 998 2557 sulcos,

249 2581 281 2645 N
282 2605 325 2646 on
338 2581 454 2647 srcmet
467 2581 501 2647 in
516 2583 602 2649 silvis
613 2581 700 2649 venti
712 2606 810 2648 sonus
825 2605 834 2647 ε
849 2580 957 2648 omnia
970 2582 1100 2670 quando

249 2689 376 2755 Fornax
390 2689 443 2755 illa
463 2690 524 2756 Dei
542 2714 681 2757 massam
700 2690 853 2781 purgabit
870 2690 903 2755 in
923 2712 1034 2756 unam.

296 2798 387 2863 Tunc
399 2797 597 2864 immortales
609 2815 729 2864 aeterno
742 2822 761 2861 a
776 2820 852 2886 rege
863 2795 999 2862 ministri

165 2901 228 2968 215
252 2902 442 2986 Devenient,
460 2904 612 2987 Micba'el,
628 2903 772 2987 Gabriel,
788 2905 947 2995 Raphatl,
962 2902 1066 2986 Utiel,

254 3008 352 3074 Gnari
372 3011 449 3099 quid
464 3012 525 3078 sibi
547 3011 682 3102 quisque
700 3011 871 3077 hominum
888 3009 1080 3078 consciverit
1098 3025 1190 3085 antet

157 3166 166 3201 ,
256 3116 453 3206 Ereptasquc
473 3119 594 3184 animas
615 3134 730 3183 tetrae
753 3117 887 3207 caligine
908 3117 1022 3184 mortis

256 3223 378 3289 Omnes
396 3223 437 3290 ad
448 3225 565 3291 solium
585 3224 747 3291 excelsum
764 3241 975 3314 sanctumque
994 3222 1134 3289 tribunal

257 3331 429 3398 Adducent
449 3333 594 3423 trepidos
616 3361 624 3398 ε
650 3356 733 3398 unus
752 3356 894 3422 namque
915 3331 1067 3400 omnibus
1081 3354 1209 3421 aequum

170 3461 234 3504 220
257 3438 312 3504 Jus
332 3438 423 3504 dabit
441 3456 577 3504 aeternus
593 3439 692 3525 judex
713 3455 884 3529 rectorque
903 3462 1085 3529 supremus.

259 3549 327 3613 Nec
345 3571 437 3613 mora
452 3545 611 3612 defunctis
632 3546 767 3628 animas,
789 3545 976 3637 flatumque,
998 3569 1180 3638 sonumque

259 3656 387 3723 Reddet
407 3654 603 3745 caelipotens,
624 3671 856 3743 compactaque
875 3655 935 3719 rite
952 3670 1088 3745 reponet

260 3763 403 3830 Artubus
422 3785 492 3829 ossa
513 3761 590 3843 suis,
609 3784 734 3842 carnes,
756 3784 935 3851 nervosque
952 3778 1093 3843 tenaces,

174 4020 275 4087 sopiat.
289 4020 385 4080 uastat,
403 4020 481 4079 attat
501 4035 527 4068 ts
544 4035 551 4070 ι
567 4017 608 4068 uu
620 4026 649 4067 ut
662 4034 719 4077 nos,
753 4018 889 4085 ωαψς.
905 4020 945 4078 as,
962 4004 1011 4068 vti.
1024 4016 1128 4079 sama
1141 4017 1306 4085 archangelus

175 4096 217 4146 sed
231 4113 259 4146 τε
274 4106 327 4163 post
343 4098 434 4162 μιχαήλ
447 4095 571 4144 addentes.
586 4094 620 4144 De
632 4094 723 4159 angelis
753 4094 850 4143 dicitur.

175 4171 229 4222 istis
248 4172 331 4221 conler
350 4171 441 4220 librum
463 4170 549 4219 Enoch
567 4169 671 4234 passim,
697 4177 723 4219 et
787 4173 845 4220 220.
866 4169 942 4219 Codd.
957 4171 972 4219 ὁ
986 4171 1087 4221 ditm.
1101 4169 1146 4222 ubi
1156 4186 1201 4220 nos
1215 4173 1229 4223 ὀ
1242 4171 1304 4223 rela-

176 4246 362 4297 Esdraelibrum
375 4245 481 4312 lV‚cap.
496 4249 520 4304 l,
534 4254 558 4294 et
573 4244 721 4311 syncellum,
755 4245 832 4295 tivum
846 4246 982 4295 maluimus.
1173 4232 1187 4250 ⁴

177 4332 236 4373 tom.
253 4321 273 4381 1.
288 4335 341 4389 pag.
357 4325 403 4381 2²,
419 4320 458 4372 ed.
474 4320 551 4370 Bona.
567 4319 615 4369 Pro
627 4321 725 4386 Μιχαὴλ
790 4323 853 4380 223.
868 4337 920 4388 sqq.
936 4321 976 4372 An
992 4321 1079 4373 melius
1091 4323 1246 4376 stavrolotov?
1259 4322 1306 4374 llic

176 4399 270 4449 malunt
289 4397 388 4463 quidam
405 4397 527 4465 Ἰεριμιήλ
549 4394 678 4446 admittere
696 4412 726 4446 cx
756 4405 781 4447 et
792 4406 842 4447 tres
860 4414 912 4464 sqq.
934 4397 961 4447 in
979 4399 1051 4449 codd.
1071 4398 1159 4451 misere
1177 4399 1306 4451 deformati

177 4475 259 4525 Esdru
277 4473 341 4523 libro
362 4473 387 4522 in
402 4489 450 4538 quo
471 4472 584 4522 ieremiel
602 4470 725 4522 scribitur.
757 4482 836 4532 eraut,
856 4489 906 4522 nou
920 4483 971 4525 tam
986 4475 1107 4543 corruptis
1122 4492 1197 4543 qnam
1206 4475 1315 4528 inventa

179 4551 214 4603 Dc
223 4549 290 4603 Uriel
297 4547 389 4614 aliquid
396 4558 433 4599 est
441 4547 506 4615 apud
513 4548 653 4614 Origenem,
669 4544 727 4597 Phi·
758 4547 839 4598 verbis
852 4565 858 4599 ε
872 4565 916 4600 nos
928 4566 991 4601 corr.

1166 4651 1187 4711 5
