3186 5310
253 405 312 466 356
757 397 873 461 NOTAE

254 535 318 586 Dura
341 542 411 585 canet
434 532 527 600 primus
550 530 639 581 Graece
666 530 799 581 infortunia
825 533 939 599 cogitasse
953 534 1077 602 Nostrum,
1090 538 1132 589 sed
1145 541 1372 595 exentelrommiffl

703 607 796 672 gentis:
824 623 868 658 suo
882 619 991 678 tempore
1001 615 1152 665 enstemlbus
1161 619 1302 685 sumpsisse.

253 685 399 736 immortalis
407 683 464 742 erit,
474 699 520 733 nec
528 682 603 733 saeclis
612 681 674 732 lema
682 691 795 733 seneca.
859 688 916 735 434.
935 686 1088 754 Byzantium,
1103 690 1137 740 ob
1154 690 1243 742 nimias
1261 693 1371 745 videlieet

286 764 344 821 424,
357 776 412 826 sqq.
431 758 465 809 lle
479 757 570 825 Sibylla
586 757 664 824 Trojas
676 758 798 808 excidium
824 774 891 825 opes,
902 760 1019 812 invidiam
1028 763 1090 815 hsie
1099 769 1372 835 moturumatqneinde

250 836 399 888 vaticinante
417 850 490 901 supra
509 833 616 884 diximus
633 834 664 882 ad
681 850 705 884 ν.
725 836 795 885 tlt:
824 834 941 900 perniciei
961 853 1044 887 musas
1060 838 1203 891 habiturum
1218 843 1369 910 predicitur,

250 928 317 963 nune
327 910 395 978 ipsa,
411 909 536 976 Sibyllista
551 908 693 975 interprete,
704 910 735 958 de
748 909 798 958 Ho-
823 924 874 973 quo
887 910 950 961 reier
963 921 988 962 et
1001 911 1062 962 illnd
1075 913 1148 975 inire,
1163 919 1230 968 tre:

250 1003 318 1038 mero
326 985 438 1053 queritur
446 994 562 1050 tanquam
571 999 614 1034 sua
626 983 736 1033 carmina
747 983 798 1032 sul·
824 985 921 1050 θρῇνες
937 987 986 1037 ἀπὸ
999 988 1121 1047 Βύζαντος
1135 991 1322 1052 ἀναστήσονται
1333 995 1370 1045 ἂν*

247 1063 337 1113 iurato.
349 1060 423 1112 Vetus
435 1060 499 1110 istud
514 1059 620 1116 crimen:
632 1074 678 1108 nec
687 1057 760 1107 dubie
772 1058 797 1108 in
1275 1061 1370 1135 Αἶμον,

249 1136 382 1204 Erythraeis
399 1135 507 1202 gentium
525 1133 673 1185 carminibus
690 1133 738 1184 tale
752 1132 797 1183 ali·
823 1144 955 1201 utrumqne
967 1154 996 1187 ex
1010 1153 1077 1189 mero
1090 1141 1249 1194 vaticinantis
1264 1144 1370 1211 ingenie,

247 1214 308 1281 quid
324 1212 457 1279 legebatur.
484 1210 574 1277 Utique
592 1209 712 1259 lliodorus
733 1209 796 1275 vulgi
823 1209 870 1260 nisi
886 1211 941 1276 quis
952 1214 984 1262 ad
1000 1213 1166 1267 Mithridation
1178 1227 1306 1286 tempore,
1326 1220 1371 1288 lly-

247 1291 312 1341 hanc
320 1287 392 1339 luisse
406 1286 561 1337 traditionem
574 1287 655 1343 docet,
671 1285 718 1336 loc.
728 1287 797 1352 prius
822 1285 902 1335 zantio
909 1288 1021 1347 exitiosa,
1031 1290 1155 1356 respiciat,
1166 1294 1234 1359 quod
1243 1294 1315 1345 nobis
1323 1311 1371 1346 nou

246 1364 302 1427 eit.,
313 1363 356 1415 ubi
374 1364 404 1413 de
418 1362 545 1429 Erythraea
561 1377 603 1411 seu
621 1360 740 1427 Delphica
756 1361 796 1412 Si·
822 1360 927 1414 videtur.
941 1363 1041 1429 Utique,
1056 1365 1076 1414 si
1091 1366 1122 1416 ad
1136 1366 1303 1420 Mithridatem
1316 1386 1371 1436 per·

246 1440 312 1509 bylla
324 1440 360 1491 ait
373 1454 380 1490 ι
393 1430 496 1505 Παρ’ἧς
508 1453 567 1501 φασι
579 1436 621 1486 καὶ
633 1436 676 1485 τὸν
689 1439 794 1497 ποιητὴν
821 1434 942 1497 tineent,
963 1439 1097 1492 recentiore
1111 1440 1158 1493 ista
1175 1453 1256 1494 essent
1273 1446 1370 1496 mua·

249 1520 365 1582 Ὀμηρον
379 1514 456 1565 πολλὰ
467 1513 516 1562 τῶν
535 1513 600 1562 ἐπῶν
615 1513 795 1578 οφιτιρνσάμι-
821 1527 894 1576 quam
903 1529 948 1579 pro
954 1523 1025 1564 etate
1036 1531 1112 1580 qutea
1124 1517 1178 1567 viro
1188 1519 1265 1569 docto
1273 1518 1369 1570 Hnldo

246 1591 428 1655 serantapicus
442 1589 485 1648 τὴν
499 1587 561 1637 ῑδίαν
572 1587 680 1645 ποίησιν.
699 1586 795 1637 Pariter
819 1585 880 1638 huic
892 1588 996 1639 carmini
1010 1590 1138 1642 tribuitur.

246 1665 353 1726 Solinus,
364 1680 418 1730 cap.
430 1665 455 1722 2,
468 1678 498 1712 es
508 1660 597 1711 Bocchi
612 1661 659 1710 lide
671 1660 794 1724 (Cornelii
854 1666 911 1715 442.
929 1662 1042 1730 Cyziceni
1055 1666 1169 1717 tremoris
1183 1668 1276 1720 mentio
1292 1668 1322 1720 so
1339 1670 1368 1721 li·

245 1758 334 1808 nempe
350 1737 459 1797 Booohi,
481 1753 532 1786 non
551 1736 738 1794 contemnendi,
765 1746 794 1788 ut
819 1735 865 1786 bro
882 1738 924 1798 lV,
944 1743 985 1791 aa.
1007 1739 1097 1791 Eadem
1120 1743 1179 1793 urbs
1201 1743 1235 1794 ob
1256 1745 1367 1796 eamdem

244 1818 297 1884 ipse
310 1816 354 1872 ait.
369 1813 484 1873 auctoris,
498 1821 524 1863 et
536 1829 551 1863 a
564 1811 645 1861 Plinio
656 1811 744 1878 passim
757 1811 792 1862 ei·
819 1812 933 1864 videlicet
944 1812 1075 1865 tremorem
1084 1825 1213 1882 ortamque
1225 1817 1283 1870 inde
1295 1820 1367 1871 maro

244 1893 301 1954 tati,
311 1888 386 1959 ignoti
395 1890 503 1952 tamen):
516 1887 691 1954 «Delphicam,
702 1887 791 1952 inquit,
817 1889 1008 1940 mundationem
1016 1891 1122 1942 muitum
1130 1893 1189 1942 meli
1202 1909 1302 1960 passure
1309 1912 1367 1962 pe»

245 1990 259 2016 ι
270 1967 387 2036 Sibyllam
399 1974 458 2015 ante
470 1963 575 2029 Trojano
593 1962 657 2014 bella
674 1963 792 2014 vaticina·
818 1962 944 2014 dicebatur
967 1981 1057 2032 supra,
1076 1971 1140 2027 436,
1161 1978 1187 2018 et
1202 1986 1272 2029 vere,
1285 1971 1308 2020 si
1321 1970 1365 2022 iste

244 2039 792 2105 atambocchnseutumat.cujusversusplu·
818 2038 850 2087 ad
867 2038 960 2089 cladem
984 2040 1122 2092 referantur
1139 2059 1214 2106 ᾳιιιννι
1227 2044 1366 2111 xiphilinus

245 2141 259 2167 ι
269 2120 344 2169 rimos
361 2115 430 2184 operi
450 2130 493 2165 suo
515 2115 647 2164 Homerum
664 2113 792 2165 inseruisse
818 2123 902 2164 narrat
925 2114 1029 2165 relutex
1043 2115 1128 2167 ilionis
1138 2117 1202 2168 libro
1215 2118 1295 2180 Lxx,
1309 2120 1362 2186 sl.

245 2218 259 2243 ι
270 2193 436 2246 manifestat.»
446 2190 599 2242 Credendum
610 2189 683 2256 igitur
690 2199 715 2240 et
725 2191 792 2241 illem
819 2186 865 2237 Hie
882 2204 940 2238 vero
953 2205 982 2239 ee
1001 2189 1059 2239 urbs
1073 2190 1200 2258 thndaei
1213 2194 1284 2245 durii
1296 2196 1366 2262 equis

243 2267 344 2322 Diodori
357 2278 381 2319 et
395 2268 495 2318 alteram
509 2264 587 2317 Solini
600 2263 650 2314 sire
663 2265 754 2316 hocchi
767 2275 792 2317 et
818 2278 914 2328 pessum
940 2262 1004 2315 itura
1035 2265 1133 2317 canitur
1157 2285 1164 2317 :
1191 2268 1235 2319 ubi
1261 2269 1364 2322 armar

243 2349 308 2399 hane
320 2346 397 2412 ipsam
410 2359 484 2410 quam
503 2339 792 2408 nunclegimussibylli-
816 2352 862 2386 nos
887 2347 968 2388 mente
994 2339 1104 2401 turbari,
1122 2342 1180 2407 quia
1199 2343 1363 2412 Rhyndacus,

243 2438 301 2474 nam
314 2417 510 2472 criminationem
528 2415 623 2467 auctori
640 2424 724 2466 nostru
742 2431 790 2465 non
818 2413 954 2480 precipuus
980 2414 1022 2464 ille
1048 2415 1169 2484 Bithynis
1192 2419 1287 2480 amnis,
1314 2437 1363 2472 non

242 2516 294 2551 essa
306 2496 443 2566 propriam,
463 2495 505 2545 sed
518 2481 550 2544 eb
567 2491 692 2559 Erythram
705 2501 791 2542 mutuo
818 2486 932 2554 Cyzicum
945 2487 1029 2548 siluit,
1048 2491 1091 2540 sed
1108 2494 1237 2558 proculab
1246 2512 1276 2546 ea
1292 2497 1362 2555 urbe,

242 2584 372 2642 sumptam.
391 2570 473 2622 Facile
492 2569 565 2619 istam
582 2566 730 2618 calumniam
748 2569 791 2618 ad·
817 2562 959 2625 ἆῦθᾶθῢὶων
970 2581 1031 2630 <1¹¹8ss
1042 2567 1363 2632 valcamonicam

244 2651 362 2701 miserunt
384 2645 496 2698 homines
516 2643 548 2695 ob
569 2658 652 2693 versus
675 2643 791 2709 quosdam
817 2637 955 2700 intervallo,
975 2639 1002 2690 in
1016 2640 1191 2708 Propontidem
1208 2645 1299 2699 induit.
1320 2647 1363 2696 tte-

244 2723 350 2774 Homero
369 2736 426 2770 cum
439 2717 537 2783 Sibyllm
550 2730 706 2778 communes,
724 2716 790 2779 quod
817 2728 882 2762 cesse
891 2724 928 2765 est
936 2715 1010 2780 igitur
1020 2715 1046 2765 iu
1057 2717 1127 2767 duvii
1135 2719 1236 2771 nomine
1247 2723 1362 2773 rumoris

242 2798 309 2848 idem
325 2798 356 2846 de
374 2791 507 2860 Phocylide
526 2805 624 2856 quoqne
639 2788 741 2838 similem
758 2789 791 2840 ob
817 2787 911 2853 lapsum
924 2805 975 2839 esse
986 2801 1074 2841 vatem
1085 2792 1363 2863 supersuitutiqnesais

243 2888 342 2924 eausam
354 2867 503 2920 increbuisse
517 2874 612 2915 constat
626 2882 631 2914 ε
645 2863 685 2913 adi
701 2879 746 2913 nos
759 2865 789 2915 ad
816 2862 887 2912 malis
903 2864 961 2914 urbs
977 2864 1069 2916 divitiis
1086 2877 1111 2918 et
1129 2871 1283 2922 commerciis
1302 2890 1362 2940 pre·

241 2948 286 3000 lib.
294 2947 326 3008 11,
334 2951 405 3009 afflet
413 2940 603 3007 inllac.ll,eap,
615 2944 654 2991 ll.
664 2939 791 3006 htCrego·
816 2938 891 2988 clara.
908 2941 1035 3006 Templum
1048 2943 1100 3008 ejus
1112 2941 1177 2994 inter
1189 2947 1275 2997 mundi
1289 2949 1362 3000 min·

242 3023 294 3075 rius
306 3022 363 3072 Haz.
375 3020 407 3071 ad
416 3015 564 3075 Hemesium,
574 3031 629 3083 pag.
647 3019 704 3076 444,
713 3024 791 3066 retor-
817 3012 872 3064 cula
887 3014 1053 3080 celebratum,
1064 3019 1205 3084 supradicto
1221 3032 1291 3073 motu
1308 3039 1363 3074 cor·

239 3098 271 3151 sit
285 3098 312 3148 in
324 3095 442 3164 Sibyllam
458 3091 532 3160 plagii
545 3089 652 3149 crimen,
668 3089 790 3157 professus
816 3087 892 3139 ruisse
904 3090 980 3140 tradit
999 3090 1140 3157 lliphilinus
1152 3095 1200 3148 loc.
1219 3096 1281 3157 cit.;
1304 3098 1362 3150 ielso

240 3175 319 3242 ipsam
340 3181 364 3222 et
391 3170 531 3221 Hermetem
552 3176 695 3231 ceterosque
718 3164 790 3216 falsos
815 3172 897 3214 tamen
911 3181 918 3215 :
933 3182 990 3215 nam
1003 3166 1198 3233 pulcherrimum
1215 3172 1361 3225 illudendifi·

238 3248 366 3316 gentilium
386 3245 533 3314 prophetas‚
548 3240 592 3291 ubi
606 3241 669 3291 lorte
686 3240 789 3292 ¹veridici
815 3239 898 3311 cium,
918 3240 1010 3306 quode
1035 3238 1161 3308 lliphilino
1172 3245 1264 3298 ibidem
1286 3250 1363 3317 probe

237 3323 404 3392 reperiuntur,
417 3335 468 3370 non
477 3317 594 3368 dirimtus
606 3315 700 3365 albatos
710 3316 788 3382 loqui,
815 3312 970 3375 describitur,
987 3317 1061 3367 etiam
1079 3334 1177 3384 pagane
1199 3322 1363 3389 religiossim-

239 3399 281 3450 sed
293 3415 307 3449 e
321 3397 396 3449 saeris
409 3393 478 3445 libris
491 3408 535 3442 sua
551 3400 710 3441 mutuantes:
814 3389 920 3455 perluit,
942 3390 1082 3442 christianis
1100 3403 1184 3460 postea
1203 3398 1278 3448 sacris
1292 3400 1361 3451 dedi-

239 3476 277 3526 ot
298 3475 398 3532 testea,
418 3471 516 3537 βίὸλους
536 3466 563 3515 dl
582 3467 788 3532 repudiipcvcec
814 3474 913 3528 catum,
934 3467 1072 3533 mansitque
1093 3470 1124 3519 ad
1146 3472 1260 3523 saulum
1283 3474 1317 3525 xt
1335 3485 1362 3526 et

701 3541 786 3605 ἐμεῖο,
813 3548 925 3606 tempora
942 3541 1096 3593 Consmntini
1115 3544 1188 3597 lineas
1208 3546 1285 3615 imp,
1299 3559 1362 3601 tecte

236 3642 310 3690 vere,
334 3623 354 3674 si
373 3622 404 3672 ad
421 3621 476 3670 loca
499 3614 613 3683 respicias
635 3630 689 3678 quae
710 3617 786 3667 multa
812 3614 939 3676 Attaliota,
950 3633 1004 3682 pag.
1016 3621 1058 3677 90,
1071 3619 1111 3668 ed.
1125 3618 1204 3670 Bonn,
1215 3639 1221 3670 ε
1233 3625 1361 3677 eonferen-

234 3700 332 3751 saorise
343 3696 429 3749 Bibliis
439 3702 535 3760 sumpta
546 3691 573 3740 in
586 3689 675 3740 nostris
687 3688 786 3756 Sibylli·
812 3688 857 3740 dus
869 3691 943 3742 etism
955 3693 1069 3752 Ζοιιοηε,
1082 3693 1126 3744 lib.
1137 3694 1225 3760 xvtll,
1238 3698 1255 3764 ς
1268 3703 1293 3750 9.

235 3776 273 3825 nis
285 3773 451 3842 reperiuntur,
466 3769 594 3833 diligenter
607 3779 623 3816 a
637 3764 707 3814 nobis
721 3765 786 3816 inter
846 3770 903 3817 444.
922 3767 956 3816 lle
970 3767 1062 3819 Pataris
1075 3769 1155 3835 Lycias
1168 3771 1238 3833 urbe,
1249 3774 1294 3824 ubi
1306 3792 1364 3828 nn.

158 3892 160 3898 ,
234 3851 314 3913 sarias
328 3847 460 3898 distributa
473 3840 598 3893 lectiones.
810 3841 893 3890 culum
918 3841 966 3892 luit
986 3843 1105 3910 Apollinis
1130 3845 1243 3908 Patami,
1267 3851 1361 3903 mentio

270 3928 327 3983 tta,
338 3939 375 3988 sq.
385 3919 499 3971 Difficilis
507 3918 583 3974 locus,
594 3915 651 3979 quia
661 3930 711 3964 non
723 3914 783 3965 satis
809 3931 893 3965 rursus
905 3917 946 3967 liet
961 3917 1035 3980 inira,
1049 3918 1092 3968 lib.
1110 3919 1150 3980 tv,
1170 3924 1226 3973 11².
1249 3924 1320 3977 Nunc
1330 3929 1361 3978 de

232 4010 334 4068 apparet
345 3998 400 4063 quis
411 3996 457 4045 iste
469 3995 600 4042 Locrorum
614 4007 701 4055 genere
715 4000 784 4041 ortus
808 3990 862 4057 ipso
881 3993 981 4043 oraculo
995 3994 1084 4059 sgittrr,
1098 4005 1214 4061 tanquam
1230 4000 1361 4054 etiamtum

231 4080 278 4139 (an
288 4075 349 4139 Ajax
362 4070 459 4134 Oilei?)
474 4066 573 4134 Lyciam
585 4064 723 4132 diripuerit,
739 4076 783 4117 arat
808 4076 932 4126 exstante,
951 4067 1100 4135 minimeque
1119 4073 1300 4126 consultoribus
1318 4095 1361 4128 a.

231 4151 287 4218 quis
300 4149 397 4200 AEtolus
411 4144 575 4199 Chalcedona,
590 4139 700 4206 TroJanis
718 4139 782 4191 lianc
808 4151 886 4192 rente.
901 4142 991 4192 Dehoo
1003 4153 1078 4209 atque
1087 4146 1198 4198 universe
1207 4148 1238 4199 de
1250 4154 1361 4205 oraculis

231 4228 331 4292 quidem
337 4220 487 4290 temporibus
495 4218 604 4268 nondum
612 4216 712 4266 fortasse
722 4232 782 4265 con·
808 4216 913 4267 secundo
926 4227 951 4267 et
965 4219 1038 4268 tertio
1049 4222 1138 4270 saeculo
1147 4228 1360 4292 permanentibus,

230 4303 316 4353 ditem.
335 4300 382 4351 Sed
402 4307 483 4347 tamen
499 4292 595 4343 ridetur
611 4308 666 4341 cnm
683 4290 713 4340 iis
725 4307 779 4355 quae
807 4290 862 4342 vide
877 4302 928 4344 not.
939 4294 970 4343 ed
985 4293 1048 4352 xlv,
1061 4299 1119 4346 m.

229 4379 301 4427 modo
319 4377 350 4426 de
367 4375 472 4425 Homero
488 4368 641 4438 canebantur
648 4376 780 4432 utcumque
841 4370 899 4425 444,
907 4384 960 4432 sqq.
970 4367 1070 4420 Rhodus
1080 4371 1158 4422 insula
1168 4390 1218 4424 non
1228 4375 1361 4431 incolumis

228 4450 280 4502 hec
290 4466 360 4516 posse
369 4446 492 4514 conjungi,
506 4460 586 4509 neque
595 4459 623 4493 ea
635 4441 666 4492 de
677 4458 721 4492 suo
737 4457 779 4491 ea·
806 4441 887 4501 modo,
901 4443 943 4492 sed
954 4444 1027 4494 etiam
1037 4445 1114 4498 libore
1122 4449 1227 4514 perstitit
1237 4468 1317 4519 usque
1327 4458 1360 4508 ed
