<?xml version="1.0" encoding="UTF-8"?>
<!DOCTYPE html PUBLIC "-//W3C//DTD XHTML 1.0 Transitional//EN"
    "http://www.w3.org/TR/xhtml1/DTD/xhtml1-transitional.dtd">
<html xmlns="http://www.w3.org/1999/xhtml" xml:lang="en" lang="en">
 <head>
  <title>
</title>
<meta http-equiv="Content-Type" content="text/html;charset=utf-8" />
  <meta name='ocr-system' content='tesseract 3.04.00' />
  <meta name='ocr-capabilities' content='ocr_page ocr_carea ocr_par ocr_line ocrx_word'/>
</head>
<body>
  <div class='ocr_page' id='page_1' title='image "./oraculasibyllin00alexgoog/oraculasibyllin00alexgoog_0197.png"; bbox 0 0 3186 5310; ppageno 0'>
   <div class='ocr_carea' id='block_1_1' title="bbox 326 386 1116 458">
    <p class='ocr_par' dir='ltr' id='par_1_1' title="bbox 326 386 1116 458">
     <span class='ocr_line' id='line_1_1' title="bbox 326 386 1116 458; baseline -0.003 -7"><span class='ocrx_word' id='word_1_1' title='bbox 326 386 389 453; x_wconf 64' lang='lat'>&#39;132</span> <span class='ocrx_word' id='word_1_2' title='bbox 656 392 912 458; x_wconf 75' lang='grc' dir='ltr'><strong>ΣΙΒΥΔΛΙΑΚΩΝ</strong></span> <span class='ocrx_word' id='word_1_3' title='bbox 935 390 1063 451; x_wconf 79' lang='grc' dir='ltr'>ΛΟΓΟΣ</span> <span class='ocrx_word' id='word_1_4' title='bbox 1084 391 1116 450; x_wconf 86' lang='grc' dir='ltr'>Γ.</span> 
     </span>
    </p>
   </div>
   <div class='ocr_carea' id='block_1_2' title="bbox 329 524 1369 3610">
    <p class='ocr_par' dir='ltr' id='par_1_2' title="bbox 329 524 1369 3610">
     <span class='ocr_line' id='line_1_2' title="bbox 438 524 1283 635; baseline -0.005 -31"><span class='ocrx_word' id='word_1_5' title='bbox 438 538 537 606; x_wconf 84' lang='grc' dir='ltr'><strong>Αὐτοὶ</strong></span> <span class='ocrx_word' id='word_1_6' title='bbox 553 538 613 634; x_wconf 76' lang='grc' dir='ltr'>γὰρ</span> <span class='ocrx_word' id='word_1_7' title='bbox 626 541 731 635; x_wconf 87' lang='grc' dir='ltr'>κριταί</span> <span class='ocrx_word' id='word_1_8' title='bbox 745 568 780 608; x_wconf 95' lang='grc' dir='ltr'>τε</span> <span class='ocrx_word' id='word_1_9' title='bbox 799 542 930 632; x_wconf 88' lang='grc' dir='ltr'>βροτῶν,</span> <span class='ocrx_word' id='word_1_10' title='bbox 953 540 1087 621; x_wconf 78' lang='grc' dir='ltr'>βασιλεῖς</span> <span class='ocrx_word' id='word_1_11' title='bbox 1106 561 1140 601; x_wconf 89' lang='grc' dir='ltr'>τε</span> <span class='ocrx_word' id='word_1_12' title='bbox 1159 524 1283 601; x_wconf 81' lang='grc' dir='ltr'>θύκαιοι.</span> 
     </span>
     <span class='ocr_line' id='line_1_3' title="bbox 439 626 1214 735; baseline -0.008 -25"><span class='ocrx_word' id='word_1_13' title='bbox 439 626 540 711; x_wconf 65' lang='grc' dir='ltr'>ῶσται</span> <span class='ocrx_word' id='word_1_14' title='bbox 553 639 592 722; x_wconf 76' lang='grc' dir='ltr'>δὴ</span> <span class='ocrx_word' id='word_1_15' title='bbox 613 648 664 714; x_wconf 87' lang='grc' dir='ltr'>καὶ</span> <span class='ocrx_word' id='word_1_16' title='bbox 681 655 812 726; x_wconf 90' lang='grc' dir='ltr'>πλοῦτος</span> <span class='ocrx_word' id='word_1_17' title='bbox 832 649 861 712; x_wconf 85' lang='grc' dir='ltr'>έν</span> <span class='ocrx_word' id='word_1_18' title='bbox 882 645 1065 735; x_wconf 79' lang='grc' dir='ltr'>ἀνθρώποισι</span> <span class='ocrx_word' id='word_1_19' title='bbox 1084 635 1214 721; x_wconf 76' lang='grc' dir='ltr'>δίκαιος.</span> 
     </span>
     <span class='ocr_line' id='line_1_4' title="bbox 439 741 1226 848; baseline -0.009 -31"><span class='ocrx_word' id='word_1_20' title='bbox 439 754 529 825; x_wconf 84' lang='grc' dir='ltr'>Αὕτη</span> <span class='ocrx_word' id='word_1_21' title='bbox 545 752 603 847; x_wconf 77' lang='grc' dir='ltr'>γάρ</span> <span class='ocrx_word' id='word_1_22' title='bbox 621 755 764 848; x_wconf 85' lang='grc' dir='ltr'>μεγαλοιο</span> <span class='ocrx_word' id='word_1_23' title='bbox 778 756 856 820; x_wconf 87' lang='grc' dir='ltr'>Θεοῦ</span> <span class='ocrx_word' id='word_1_24' title='bbox 874 751 968 838; x_wconf 84' lang='grc' dir='ltr'>κρίσις</span> <span class='ocrx_word' id='word_1_25' title='bbox 987 741 1043 823; x_wconf 79' lang='grc' dir='ltr'>η’δὲ</span> <span class='ocrx_word' id='word_1_26' title='bbox 1063 750 1113 815; x_wconf 90' lang='grc' dir='ltr'>καὶ</span> <span class='ocrx_word' id='word_1_27' title='bbox 1135 749 1226 841; x_wconf 65' lang='grc' dir='ltr'>ἀρχά.</span> 
     </span>
     <span class='ocr_line' id='line_1_5' title="bbox 490 845 1335 950; baseline -0.008 -25"><span class='ocrx_word' id='word_1_28' title='bbox 490 861 693 950; x_wconf 91' lang='grc' dir='ltr'>Εὐφράνθητι,</span> <span class='ocrx_word' id='word_1_29' title='bbox 713 863 801 950; x_wconf 90' lang='grc' dir='ltr'>κόρη,</span> <span class='ocrx_word' id='word_1_30' title='bbox 824 858 875 926; x_wconf 87' lang='grc' dir='ltr'>καὶ</span> <span class='ocrx_word' id='word_1_31' title='bbox 892 858 1044 950; x_wconf 80' lang='grc' dir='ltr'>άγαλλεο·</span> <span class='ocrx_word' id='word_1_32' title='bbox 1062 856 1110 922; x_wconf 87' lang='grc' dir='ltr'>σοὶ</span> <span class='ocrx_word' id='word_1_33' title='bbox 1132 852 1191 949; x_wconf 79' lang='grc' dir='ltr'>γὰρ</span> <span class='ocrx_word' id='word_1_34' title='bbox 1214 845 1335 920; x_wconf 78' lang='grc' dir='ltr'>ἕθωκεν</span> 
     </span>
     <span class='ocr_line' id='line_1_6' title="bbox 334 963 1229 1058; baseline -0.001 -28"><span class='ocrx_word' id='word_1_35' title='bbox 334 963 397 1054; x_wconf 83' lang='lat'>785</span> <span class='ocrx_word' id='word_1_36' title='bbox 437 968 632 1058; x_wconf 76' lang='grc' dir='ltr'>Εὐφροσύνην</span> <span class='ocrx_word' id='word_1_37' title='bbox 652 966 771 1046; x_wconf 85' lang='grc' dir='ltr'>αἰῶνος,</span> <span class='ocrx_word' id='word_1_38' title='bbox 790 963 820 1044; x_wconf 83' lang='grc' dir='ltr'>ὃς</span> <span class='ocrx_word' id='word_1_39' title='bbox 840 965 964 1056; x_wconf 83' lang='grc' dir='ltr'>οὐρανὸν</span> <span class='ocrx_word' id='word_1_40' title='bbox 980 965 1078 1028; x_wconf 82' lang='grc' dir='ltr'>ἔκτισε</span> <span class='ocrx_word' id='word_1_41' title='bbox 1096 964 1148 1029; x_wconf 86' lang='grc' dir='ltr'>καὶ</span> <span class='ocrx_word' id='word_1_42' title='bbox 1161 971 1229 1056; x_wconf 73' lang='grc' dir='ltr'>γῆν.</span> 
     </span>
     <span class='ocr_line' id='line_1_7' title="bbox 437 1057 1262 1158; baseline -0.005 -24"><span class='ocrx_word' id='word_1_43' title='bbox 437 1057 479 1134; x_wconf 71' lang='grc' dir='ltr'>Εν</span> <span class='ocrx_word' id='word_1_44' title='bbox 499 1072 547 1138; x_wconf 92' lang='grc' dir='ltr'>σοὶ</span> <span class='ocrx_word' id='word_1_45' title='bbox 566 1065 594 1138; x_wconf 81' lang='grc' dir='ltr'>θ’</span> <span class='ocrx_word' id='word_1_46' title='bbox 613 1073 743 1148; x_wconf 74' lang='grc' dir='ltr'>οἱκησει·</span> <span class='ocrx_word' id='word_1_47' title='bbox 762 1074 810 1141; x_wconf 85' lang='grc' dir='ltr'>σοὶ</span> <span class='ocrx_word' id='word_1_48' title='bbox 829 1064 860 1138; x_wconf 78' lang='grc' dir='ltr'>θ’</span> <span class='ocrx_word' id='word_1_49' title='bbox 879 1073 998 1137; x_wconf 83' lang='grc' dir='ltr'>ἔσσεται</span> <span class='ocrx_word' id='word_1_50' title='bbox 1016 1070 1168 1136; x_wconf 83' lang='grc' dir='ltr'>ἀθάνατον</span> <span class='ocrx_word' id='word_1_51' title='bbox 1187 1078 1262 1158; x_wconf 85' lang='grc' dir='ltr'>φῶς.</span> 
     </span>
     <span class='ocr_line' id='line_1_8' title="bbox 436 1165 1305 1272; baseline -0.01 -27"><span class='ocrx_word' id='word_1_52' title='bbox 436 1165 479 1245; x_wconf 74' lang='grc' dir='ltr'>Εν</span> <span class='ocrx_word' id='word_1_53' title='bbox 495 1169 532 1244; x_wconf 72' lang='grc' dir='ltr'>δὲ</span> <span class='ocrx_word' id='word_1_54' title='bbox 544 1181 631 1246; x_wconf 90' lang='grc' dir='ltr'>λύκοι</span> <span class='ocrx_word' id='word_1_55' title='bbox 645 1205 680 1245; x_wconf 95' lang='grc' dir='ltr'>τε</span> <span class='ocrx_word' id='word_1_56' title='bbox 697 1180 748 1246; x_wconf 87' lang='grc' dir='ltr'>καὶ</span> <span class='ocrx_word' id='word_1_57' title='bbox 767 1177 852 1272; x_wconf 83' lang='grc' dir='ltr'>άρνες</span> <span class='ocrx_word' id='word_1_58' title='bbox 867 1182 896 1244; x_wconf 76' lang='grc' dir='ltr'>ἐν</span> <span class='ocrx_word' id='word_1_59' title='bbox 916 1178 1030 1267; x_wconf 79' lang='grc' dir='ltr'>οὔρεσιν</span> <span class='ocrx_word' id='word_1_60' title='bbox 1051 1171 1161 1268; x_wconf 83' lang='grc' dir='ltr'>άμμιγ’</span> <span class='ocrx_word' id='word_1_61' title='bbox 1179 1165 1305 1241; x_wconf 75' lang='grc' dir='ltr'>ἔδονται</span> 
     </span>
     <span class='ocr_line' id='line_1_9' title="bbox 434 1270 1252 1377; baseline -0.004 -29"><span class='ocrx_word' id='word_1_62' title='bbox 434 1270 571 1375; x_wconf 75' lang='grc' dir='ltr'>Χόρτον,</span> <span class='ocrx_word' id='word_1_63' title='bbox 584 1278 754 1377; x_wconf 81' lang='grc' dir='ltr'>παρθαλιές</span> <span class='ocrx_word' id='word_1_64' title='bbox 769 1291 795 1351; x_wconf 90' lang='grc' dir='ltr'>τ’</span> <span class='ocrx_word' id='word_1_65' title='bbox 812 1283 922 1375; x_wconf 75' lang='grc' dir='ltr'>ἐρίφοις</span> <span class='ocrx_word' id='word_1_66' title='bbox 941 1280 1007 1371; x_wconf 80' lang='grc' dir='ltr'>ἅμα</span> <span class='ocrx_word' id='word_1_67' title='bbox 1027 1285 1252 1366; x_wconf 75' lang='grc' dir='ltr'>βοσκάοονται·</span> 
     </span>
     <span class='ocr_line' id='line_1_10' title="bbox 437 1375 1191 1483; baseline -0.005 -27"><span class='ocrx_word' id='word_1_68' title='bbox 437 1375 553 1482; x_wconf 78' lang='grc' dir='ltr'>Ᾰρκτοι</span> <span class='ocrx_word' id='word_1_69' title='bbox 567 1392 619 1457; x_wconf 87' lang='grc' dir='ltr'>οὐν</span> <span class='ocrx_word' id='word_1_70' title='bbox 639 1393 766 1483; x_wconf 81' lang='grc' dir='ltr'>μόσχοις</span> <span class='ocrx_word' id='word_1_71' title='bbox 786 1384 917 1483; x_wconf 77' lang='grc' dir='ltr'>νομάδες</span> <span class='ocrx_word' id='word_1_72' title='bbox 933 1391 1191 1464; x_wconf 77' lang='grc' dir='ltr'>αὐλισθησονται·</span> 
     </span>
     <span class='ocr_line' id='line_1_11' title="bbox 332 1492 1274 1589; baseline 0.004 -27"><span class='ocrx_word' id='word_1_73' title='bbox 332 1523 396 1587; x_wconf 83' lang='lat'>79⁰</span> <span class='ocrx_word' id='word_1_74' title='bbox 437 1492 628 1589; x_wconf 78' lang='grc' dir='ltr'>Σαρκοῶόρος</span> <span class='ocrx_word' id='word_1_75' title='bbox 648 1501 776 1564; x_wconf 86' lang='grc' dir='ltr'>τελέων</span> <span class='ocrx_word' id='word_1_76' title='bbox 799 1496 911 1589; x_wconf 79' lang='grc' dir='ltr'>ἄχυρον</span> <span class='ocrx_word' id='word_1_77' title='bbox 929 1495 1060 1589; x_wconf 78' lang='grc' dir='ltr'>φάγεται</span> <span class='ocrx_word' id='word_1_78' title='bbox 1075 1495 1125 1561; x_wconf 87' lang='grc' dir='ltr'>ε’πὶ</span> <span class='ocrx_word' id='word_1_79' title='bbox 1143 1497 1274 1583; x_wconf 74' lang='grc' dir='ltr'>φάτνης,</span> 
     </span>
     <span class='ocr_line' id='line_1_12' title="bbox 435 1590 1218 1694; baseline -0.006 -24"><span class='ocrx_word' id='word_1_80' title='bbox 435 1590 481 1681; x_wconf 74' lang='grc' dir='ltr'>Ως</span> <span class='ocrx_word' id='word_1_81' title='bbox 498 1606 586 1687; x_wconf 81' lang='grc' dir='ltr'>βοῦς·</span> <span class='ocrx_word' id='word_1_82' title='bbox 601 1604 654 1670; x_wconf 82' lang='grc' dir='ltr'>καὶ</span> <span class='ocrx_word' id='word_1_83' title='bbox 668 1599 775 1681; x_wconf 82' lang='grc' dir='ltr'>παῖδες</span> <span class='ocrx_word' id='word_1_84' title='bbox 792 1609 876 1694; x_wconf 84' lang='grc' dir='ltr'>μάλα</span> <span class='ocrx_word' id='word_1_85' title='bbox 890 1606 991 1677; x_wconf 73' lang='grc' dir='ltr'>νηπιοι</span> <span class='ocrx_word' id='word_1_86' title='bbox 1009 1604 1040 1667; x_wconf 81' lang='grc' dir='ltr'>’ἐν</span> <span class='ocrx_word' id='word_1_87' title='bbox 1063 1595 1218 1691; x_wconf 79' lang='grc' dir='ltr'>δεσμοῖσιν</span> 
     </span>
     <span class='ocr_line' id='line_1_13' title="bbox 436 1691 1148 1804; baseline -0.007 -29"><span class='ocrx_word' id='word_1_88' title='bbox 436 1691 566 1786; x_wconf 72' lang='grc' dir='ltr'>Ᾰξουσι·</span> <span class='ocrx_word' id='word_1_89' title='bbox 582 1711 677 1801; x_wconf 81' lang='grc' dir='ltr'>πηρὸν</span> <span class='ocrx_word' id='word_1_90' title='bbox 691 1709 750 1804; x_wconf 82' lang='grc' dir='ltr'>γὰρ</span> <span class='ocrx_word' id='word_1_91' title='bbox 766 1711 815 1778; x_wconf 79' lang='grc' dir='ltr'>ἐπὶ</span> <span class='ocrx_word' id='word_1_92' title='bbox 828 1708 913 1803; x_wconf 80' lang='grc' dir='ltr'>χθονὶ</span> <span class='ocrx_word' id='word_1_93' title='bbox 926 1709 1003 1798; x_wconf 84' lang='grc' dir='ltr'>θῆρα</span> <span class='ocrx_word' id='word_1_94' title='bbox 1018 1711 1148 1775; x_wconf 79' lang='grc' dir='ltr'>ποιύσει.</span> 
     </span>
     <span class='ocr_line' id='line_1_14' title="bbox 439 1810 1271 1909; baseline -0.001 -28"><span class='ocrx_word' id='word_1_95' title='bbox 439 1816 502 1882; x_wconf 82' lang='grc' dir='ltr'>Καὶ</span> <span class='ocrx_word' id='word_1_96' title='bbox 523 1818 680 1908; x_wconf 84' lang='grc' dir='ltr'>βρεφέεσσι</span> <span class='ocrx_word' id='word_1_97' title='bbox 696 1810 862 1909; x_wconf 78' lang='grc' dir='ltr'>δράκοντες</span> <span class='ocrx_word' id='word_1_98' title='bbox 877 1815 943 1902; x_wconf 80' lang='grc' dir='ltr'>ἅμα</span> <span class='ocrx_word' id='word_1_99' title='bbox 959 1813 1043 1904; x_wconf 84' lang='grc' dir='ltr'>σφίσι</span> <span class='ocrx_word' id='word_1_100' title='bbox 1057 1820 1271 1907; x_wconf 73' lang='grc' dir='ltr'>κοιμησονται,</span> 
     </span>
     <span class='ocr_line' id='line_1_15' title="bbox 436 1914 1315 2016; baseline -0.001 -29"><span class='ocrx_word' id='word_1_101' title='bbox 436 1920 521 1988; x_wconf 83' lang='grc' dir='ltr'>Κούκ</span> <span class='ocrx_word' id='word_1_102' title='bbox 535 1914 740 1996; x_wconf 74' lang='grc' dir='ltr'>άθικόσουσι·</span> <span class='ocrx_word' id='word_1_103' title='bbox 758 1922 822 2015; x_wconf 80' lang='grc' dir='ltr'>χεὶρ</span> <span class='ocrx_word' id='word_1_104' title='bbox 841 1917 899 2016; x_wconf 77' lang='grc' dir='ltr'>γάρ</span> <span class='ocrx_word' id='word_1_105' title='bbox 917 1925 999 1987; x_wconf 82' lang='grc' dir='ltr'>Θεοῦ</span> <span class='ocrx_word' id='word_1_106' title='bbox 1018 1923 1112 1987; x_wconf 81' lang='grc' dir='ltr'>ἔσσετ’</span> <span class='ocrx_word' id='word_1_107' title='bbox 1128 1923 1175 1987; x_wconf 77' lang='grc' dir='ltr'>ἐπ’</span> <span class='ocrx_word' id='word_1_108' title='bbox 1195 1921 1315 1998; x_wconf 87' lang='grc' dir='ltr'>αὐτούς.</span> 
     </span>
     <span class='ocr_line' id='line_1_16' title="bbox 329 2019 1310 2122; baseline -0.003 -28"><span class='ocrx_word' id='word_1_109' title='bbox 329 2030 391 2120; x_wconf 84' lang='lat'>795</span> <span class='ocrx_word' id='word_1_110' title='bbox 487 2034 577 2120; x_wconf 81' lang='grc' dir='ltr'>Σῆμα</span> <span class='ocrx_word' id='word_1_111' title='bbox 594 2021 630 2096; x_wconf 75' lang='grc' dir='ltr'>δέ</span> <span class='ocrx_word' id='word_1_112' title='bbox 643 2056 692 2097; x_wconf 92' lang='grc' dir='ltr'>σοι</span> <span class='ocrx_word' id='word_1_113' title='bbox 710 2032 783 2117; x_wconf 80' lang='grc' dir='ltr'>ἐρέω</span> <span class='ocrx_word' id='word_1_114' title='bbox 802 2032 874 2122; x_wconf 89' lang='grc' dir='ltr'>μάλ’</span> <span class='ocrx_word' id='word_1_115' title='bbox 893 2019 1071 2120; x_wconf 78' lang='grc' dir='ltr'>άριφραθὲς,</span> <span class='ocrx_word' id='word_1_116' title='bbox 1092 2031 1173 2093; x_wconf 87' lang='grc' dir='ltr'>ὥστε</span> <span class='ocrx_word' id='word_1_117' title='bbox 1187 2037 1310 2107; x_wconf 81' lang='grc' dir='ltr'>νοῆσαι,</span> 
     </span>
     <span class='ocr_line' id='line_1_17' title="bbox 433 2119 1155 2229; baseline -0.001 -29"><span class='ocrx_word' id='word_1_118' title='bbox 433 2119 533 2202; x_wconf 71' lang='grc' dir='ltr'>Ηνίκα</span> <span class='ocrx_word' id='word_1_119' title='bbox 547 2127 587 2210; x_wconf 75' lang='grc' dir='ltr'>δὴ</span> <span class='ocrx_word' id='word_1_120' title='bbox 602 2136 727 2204; x_wconf 92' lang='grc' dir='ltr'>πάντων</span> <span class='ocrx_word' id='word_1_121' title='bbox 744 2138 781 2203; x_wconf 86' lang='grc' dir='ltr'>τὸ</span> <span class='ocrx_word' id='word_1_122' title='bbox 800 2138 886 2214; x_wconf 70' lang='grc' dir='ltr'>τέλος</span> <span class='ocrx_word' id='word_1_123' title='bbox 900 2134 1008 2229; x_wconf 73' lang='grc' dir='ltr'>γαίηφί</span> <span class='ocrx_word' id='word_1_124' title='bbox 1022 2137 1155 2229; x_wconf 78' lang='grc' dir='ltr'>γένηται.</span> 
     </span>
     <span class='ocr_line' id='line_1_18' title="bbox 435 2225 1162 2334; baseline -0.003 -27"><span class='ocrx_word' id='word_1_125' title='bbox 435 2225 565 2308; x_wconf 81' lang='grc' dir='ltr'>Θππότε</span> <span class='ocrx_word' id='word_1_126' title='bbox 580 2268 628 2308; x_wconf 91' lang='grc' dir='ltr'>κεν</span> <span class='ocrx_word' id='word_1_127' title='bbox 647 2249 791 2334; x_wconf 78' lang='grc' dir='ltr'>ῥομφαῖαι</span> <span class='ocrx_word' id='word_1_128' title='bbox 806 2247 835 2308; x_wconf 83' lang='grc' dir='ltr'>ἐν</span> <span class='ocrx_word' id='word_1_129' title='bbox 854 2246 970 2333; x_wconf 84' lang='grc' dir='ltr'>οὐρανῷ</span> <span class='ocrx_word' id='word_1_130' title='bbox 985 2242 1162 2330; x_wconf 81' lang='grc' dir='ltr'>ἀστερόεντι</span> 
     </span>
     <span class='ocr_line' id='line_1_19' title="bbox 435 2336 1194 2440; baseline -0.004 -25"><span class='ocrx_word' id='word_1_131' title='bbox 435 2336 582 2438; x_wconf 75' lang='grc' dir='ltr'>Εννύχιαι</span> <span class='ocrx_word' id='word_1_132' title='bbox 592 2351 707 2437; x_wconf 82' lang='grc' dir='ltr'>ὀφθῶσι</span> <span class='ocrx_word' id='word_1_133' title='bbox 721 2353 796 2440; x_wconf 78' lang='grc' dir='ltr'>πρὸς</span> <span class='ocrx_word' id='word_1_134' title='bbox 814 2349 942 2438; x_wconf 79' lang='grc' dir='ltr'>ἑσπέραν</span> <span class='ocrx_word' id='word_1_135' title='bbox 964 2340 1022 2423; x_wconf 74' lang='grc' dir='ltr'>ἠδὲ</span> <span class='ocrx_word' id='word_1_136' title='bbox 1042 2348 1117 2437; x_wconf 84' lang='grc' dir='ltr'>πρὸς</span> <span class='ocrx_word' id='word_1_137' title='bbox 1136 2353 1194 2430; x_wconf 75' lang='grc' dir='ltr'>ἠῶ,</span> 
     </span>
     <span class='ocr_line' id='line_1_20' title="bbox 434 2454 1248 2547; baseline -0.005 -27"><span class='ocrx_word' id='word_1_138' title='bbox 434 2454 556 2521; x_wconf 85' lang='grc' dir='ltr'>Αὐτίκα</span> <span class='ocrx_word' id='word_1_139' title='bbox 574 2455 625 2520; x_wconf 87' lang='grc' dir='ltr'>καὶ</span> <span class='ocrx_word' id='word_1_140' title='bbox 639 2457 791 2547; x_wconf 85' lang='grc' dir='ltr'>κονιορτὸς</span> <span class='ocrx_word' id='word_1_141' title='bbox 811 2457 865 2547; x_wconf 79' lang='grc' dir='ltr'>ἀπ’</span> <span class='ocrx_word' id='word_1_142' title='bbox 882 2454 1038 2543; x_wconf 89' lang='grc' dir='ltr'>οὐρανόθεν</span> <span class='ocrx_word' id='word_1_143' title='bbox 1058 2456 1248 2545; x_wconf 75' lang='grc' dir='ltr'>προφέρηται</span> 
     </span>
     <span class='ocr_line' id='line_1_21' title="bbox 331 2556 1116 2653; baseline -0.001 -26"><span class='ocrx_word' id='word_1_144' title='bbox 331 2563 396 2627; x_wconf 84' lang='lat'>800</span> <span class='ocrx_word' id='word_1_145' title='bbox 437 2563 519 2648; x_wconf 84' lang='grc' dir='ltr'>Πρὸς</span> <span class='ocrx_word' id='word_1_146' title='bbox 541 2556 631 2653; x_wconf 76' lang='grc' dir='ltr'>γαῖαν</span> <span class='ocrx_word' id='word_1_147' title='bbox 649 2565 766 2642; x_wconf 78' lang='grc' dir='ltr'>πᾶσαν,</span> <span class='ocrx_word' id='word_1_148' title='bbox 785 2561 837 2626; x_wconf 79' lang='grc' dir='ltr'>καί</span> <span class='ocrx_word' id='word_1_149' title='bbox 855 2559 883 2626; x_wconf 87' lang='grc' dir='ltr'>οἱ</span> <span class='ocrx_word' id='word_1_150' title='bbox 897 2565 986 2636; x_wconf 82' lang='grc' dir='ltr'>σελας</span> <span class='ocrx_word' id='word_1_151' title='bbox 1004 2560 1116 2634; x_wconf 75' lang='grc' dir='ltr'>ἠελίοιο</span> 
     </span>
     <span class='ocr_line' id='line_1_22' title="bbox 435 2653 1244 2756; baseline 0.001 -25"><span class='ocrx_word' id='word_1_152' title='bbox 435 2653 579 2754; x_wconf 65' lang='grc' dir='ltr'>Ἑκλείψιι</span> <span class='ocrx_word' id='word_1_153' title='bbox 593 2664 676 2731; x_wconf 78' lang='grc' dir='ltr'>κατὰ</span> <span class='ocrx_word' id='word_1_154' title='bbox 690 2671 802 2756; x_wconf 84' lang='grc' dir='ltr'>μέσσον</span> <span class='ocrx_word' id='word_1_155' title='bbox 816 2668 868 2732; x_wconf 80' lang='grc' dir='ltr'>ἀπ’</span> <span class='ocrx_word' id='word_1_156' title='bbox 883 2669 1025 2756; x_wconf 90' lang='grc' dir='ltr'>οὐρανοῦ,</span> <span class='ocrx_word' id='word_1_157' title='bbox 1044 2658 1100 2740; x_wconf 76' lang='grc' dir='ltr'>ἠδὲ</span> <span class='ocrx_word' id='word_1_158' title='bbox 1119 2671 1244 2744; x_wconf 70' lang='grc' dir='ltr'>σελήνης</span> 
     </span>
     <span class='ocr_line' id='line_1_23' title="bbox 438 2761 1246 2866; baseline 0.001 -28"><span class='ocrx_word' id='word_1_159' title='bbox 438 2761 566 2848; x_wconf 82' lang='grc' dir='ltr'>Ᾱκτῖνες</span> <span class='ocrx_word' id='word_1_160' title='bbox 583 2782 774 2862; x_wconf 86' lang='grc' dir='ltr'>προφανῶσι,</span> <span class='ocrx_word' id='word_1_161' title='bbox 791 2770 842 2838; x_wconf 88' lang='grc' dir='ltr'>καὶ</span> <span class='ocrx_word' id='word_1_162' title='bbox 857 2767 900 2859; x_wconf 70' lang='grc' dir='ltr'>ὐιθ</span> <span class='ocrx_word' id='word_1_163' title='bbox 923 2771 972 2838; x_wconf 87' lang='grc' dir='ltr'>ε’πὶ</span> <span class='ocrx_word' id='word_1_164' title='bbox 985 2777 1075 2866; x_wconf 78' lang='grc' dir='ltr'>γαῖαν</span> <span class='ocrx_word' id='word_1_165' title='bbox 1094 2774 1224 2839; x_wconf 83' lang='grc' dir='ltr'>ἵκωνται</span> <span class='ocrx_word' id='word_1_166' title='bbox 1239 2799 1246 2813; x_wconf 95' lang='grc'>·</span> 
     </span>
     <span class='ocr_line' id='line_1_24' title="bbox 439 2871 1358 2973; baseline 0.003 -31"><span class='ocrx_word' id='word_1_167' title='bbox 439 2878 557 2967; x_wconf 84' lang='grc' dir='ltr'>Αἵματι</span> <span class='ocrx_word' id='word_1_168' title='bbox 575 2879 626 2944; x_wconf 87' lang='grc' dir='ltr'>καὶ</span> <span class='ocrx_word' id='word_1_169' title='bbox 644 2877 826 2971; x_wconf 79' lang='grc' dir='ltr'>σταγόνεσσι</span> <span class='ocrx_word' id='word_1_170' title='bbox 845 2888 963 2968; x_wconf 90' lang='grc' dir='ltr'>πετρῶν</span> <span class='ocrx_word' id='word_1_171' title='bbox 979 2872 1007 2943; x_wconf 80' lang='grc' dir='ltr'>δ’</span> <span class='ocrx_word' id='word_1_172' title='bbox 1027 2874 1089 2944; x_wconf 86' lang='grc' dir='ltr'>άπο</span> <span class='ocrx_word' id='word_1_173' title='bbox 1106 2891 1191 2971; x_wconf 78' lang='grc' dir='ltr'>σῆμα</span> <span class='ocrx_word' id='word_1_174' title='bbox 1206 2871 1358 2973; x_wconf 79' lang='grc' dir='ltr'>γένηται·</span> 
     </span>
     <span class='ocr_line' id='line_1_25' title="bbox 437 2969 1291 3077; baseline 0.004 -30"><span class='ocrx_word' id='word_1_175' title='bbox 437 2969 481 3048; x_wconf 64' lang='grc' dir='ltr'>Ἑν</span> <span class='ocrx_word' id='word_1_176' title='bbox 499 2987 606 3076; x_wconf 80' lang='grc' dir='ltr'>νεφελη</span> <span class='ocrx_word' id='word_1_177' title='bbox 627 2975 656 3049; x_wconf 78' lang='grc' dir='ltr'>θ’</span> <span class='ocrx_word' id='word_1_178' title='bbox 675 2981 782 3072; x_wconf 83' lang='grc' dir='ltr'>ὄψεσθε</span> <span class='ocrx_word' id='word_1_179' title='bbox 801 2985 903 3077; x_wconf 76' lang='grc' dir='ltr'>μάχην</span> <span class='ocrx_word' id='word_1_180' title='bbox 922 2977 1019 3062; x_wconf 76' lang='grc' dir='ltr'>πεζῶν</span> <span class='ocrx_word' id='word_1_181' title='bbox 1038 3010 1071 3051; x_wconf 90' lang='grc' dir='ltr'>τε</span> <span class='ocrx_word' id='word_1_182' title='bbox 1090 2986 1141 3052; x_wconf 85' lang='grc' dir='ltr'>καὶ</span> <span class='ocrx_word' id='word_1_183' title='bbox 1163 2985 1291 3069; x_wconf 85' lang='grc' dir='ltr'>ἱππέων,</span> 
     </span>
     <span class='ocr_line' id='line_1_26' title="bbox 334 3086 1149 3183; baseline -0.001 -27"><span class='ocrx_word' id='word_1_184' title='bbox 334 3089 397 3157; x_wconf 83' lang='lat'>805</span> <span class='ocrx_word' id='word_1_185' title='bbox 438 3086 500 3156; x_wconf 83' lang='grc' dir='ltr'>Οἷα</span> <span class='ocrx_word' id='word_1_186' title='bbox 515 3089 694 3183; x_wconf 74' lang='grc' dir='ltr'>κυνηγεσίαν</span> <span class='ocrx_word' id='word_1_187' title='bbox 711 3091 820 3181; x_wconf 84' lang='grc' dir='ltr'>θηρῶν,</span> <span class='ocrx_word' id='word_1_188' title='bbox 839 3089 1002 3182; x_wconf 79' lang='grc' dir='ltr'>ὀμίχλησιν</span> <span class='ocrx_word' id='word_1_189' title='bbox 1021 3093 1149 3182; x_wconf 80' lang='grc' dir='ltr'>ὁμοίην·</span> 
     </span>
     <span class='ocr_line' id='line_1_27' title="bbox 438 3198 1271 3288; baseline 0 -26"><span class='ocrx_word' id='word_1_190' title='bbox 438 3199 541 3263; x_wconf 77' lang='grc' dir='ltr'>Τοῦτο</span> <span class='ocrx_word' id='word_1_191' title='bbox 556 3198 643 3274; x_wconf 86' lang='grc' dir='ltr'>τέλος</span> <span class='ocrx_word' id='word_1_192' title='bbox 663 3200 809 3288; x_wconf 84' lang='grc' dir='ltr'>πολέμοιο</span> <span class='ocrx_word' id='word_1_193' title='bbox 833 3202 911 3262; x_wconf 90' lang='grc' dir='ltr'>τελεῖ</span> <span class='ocrx_word' id='word_1_194' title='bbox 925 3200 1001 3275; x_wconf 84' lang='grc' dir='ltr'>Θεὸς</span> <span class='ocrx_word' id='word_1_195' title='bbox 1025 3200 1150 3288; x_wconf 85' lang='grc' dir='ltr'>οὐρανὸν</span> <span class='ocrx_word' id='word_1_196' title='bbox 1169 3198 1271 3266; x_wconf 84' lang='grc' dir='ltr'>οἰκῶν.</span> 
     </span>
     <span class='ocr_line' id='line_1_28' title="bbox 440 3291 1133 3395; baseline 0.003 -25"><span class='ocrx_word' id='word_1_197' title='bbox 440 3291 531 3370; x_wconf 79' lang='grc' dir='ltr'>Ᾰλλὰ</span> <span class='ocrx_word' id='word_1_198' title='bbox 545 3306 603 3395; x_wconf 82' lang='grc' dir='ltr'>χρὴ</span> <span class='ocrx_word' id='word_1_199' title='bbox 619 3302 738 3380; x_wconf 82' lang='grc' dir='ltr'>πάντας</span> <span class='ocrx_word' id='word_1_200' title='bbox 757 3303 833 3369; x_wconf 83' lang='grc' dir='ltr'>θύειν</span> <span class='ocrx_word' id='word_1_201' title='bbox 852 3300 979 3395; x_wconf 78' lang='grc' dir='ltr'>μεγαλῳ</span> <span class='ocrx_word' id='word_1_202' title='bbox 998 3307 1133 3388; x_wconf 78' lang='grc' dir='ltr'>βασιλῆϊ.</span> 
     </span>
     <span class='ocr_line' id='line_1_29' title="bbox 494 3399 1282 3501; baseline 0.005 -28"><span class='ocrx_word' id='word_1_203' title='bbox 494 3409 603 3475; x_wconf 88' lang='grc' dir='ltr'>Ταῦτά</span> <span class='ocrx_word' id='word_1_204' title='bbox 619 3434 679 3493; x_wconf 91' lang='grc' dir='ltr'>σοι,</span> <span class='ocrx_word' id='word_1_205' title='bbox 696 3399 847 3500; x_wconf 84' lang='grc' dir='ltr'>Ᾰσσυρίης</span> <span class='ocrx_word' id='word_1_206' title='bbox 865 3405 1041 3475; x_wconf 77' lang='grc' dir='ltr'>Βαύολώνια</span> <span class='ocrx_word' id='word_1_207' title='bbox 1060 3411 1164 3501; x_wconf 77' lang='grc' dir='ltr'>τείχεα</span> <span class='ocrx_word' id='word_1_208' title='bbox 1179 3410 1282 3501; x_wconf 74' lang='grc' dir='ltr'>μακρὰ</span> 
     </span>
     <span class='ocr_line' id='line_1_30' title="bbox 440 3501 1369 3610; baseline 0.004 -30"><span class='ocrx_word' id='word_1_209' title='bbox 440 3514 657 3606; x_wconf 81' lang='grc' dir='ltr'>Οἰστρομανης</span> <span class='ocrx_word' id='word_1_210' title='bbox 671 3521 876 3606; x_wconf 87' lang='grc' dir='ltr'>προλιποῦσα,</span> <span class='ocrx_word' id='word_1_211' title='bbox 895 3518 924 3592; x_wconf 85' lang='grc' dir='ltr'>ἐς</span> <span class='ocrx_word' id='word_1_212' title='bbox 946 3501 1075 3582; x_wconf 71' lang='grc' dir='ltr'>Ελλάδα</span> <span class='ocrx_word' id='word_1_213' title='bbox 1097 3517 1291 3609; x_wconf 86' lang='grc' dir='ltr'>πεμπόμενον</span> <span class='ocrx_word' id='word_1_214' title='bbox 1309 3527 1369 3610; x_wconf 89' lang='grc' dir='ltr'>πῦρ</span> 
     </span>
    </p>
   </div>
   <div class='ocr_carea' id='block_1_3' title="bbox 327 3738 1449 3897">
    <p class='ocr_par' dir='ltr' id='par_1_3' title="bbox 327 3738 1449 3897">
     <span class='ocr_line' id='line_1_31' title="bbox 329 3738 1447 3808; baseline -0.001 -14"><span class='ocrx_word' id='word_1_215' title='bbox 329 3771 361 3781; x_wconf 91' lang='grc'>-</span> <span class='ocrx_word' id='word_1_216' title='bbox 376 3744 434 3801; x_wconf 66' lang='grc'>184,</span> <span class='ocrx_word' id='word_1_217' title='bbox 449 3755 503 3807; x_wconf 71' lang='lat' dir='ltr'><strong>sqq.</strong></span> <span class='ocrx_word' id='word_1_218' title='bbox 521 3738 656 3790; x_wconf 74' lang='lat' dir='ltr'>emulatio</span> <span class='ocrx_word' id='word_1_219' title='bbox 667 3739 697 3789; x_wconf 76' lang='lat' dir='ltr'>ad</span> <span class='ocrx_word' id='word_1_220' title='bbox 711 3738 852 3790; x_wconf 60' lang='lat' dir='ltr'>sudm-</span> <span class='ocrx_word' id='word_1_221' title='bbox 866 3744 923 3799; x_wconf 69' lang='lat'>705,</span> <span class='ocrx_word' id='word_1_222' title='bbox 939 3757 991 3807; x_wconf 88' lang='lat' dir='ltr'>sqq.</span> <span class='ocrx_word' id='word_1_223' title='bbox 1007 3741 1079 3808; x_wconf 81' lang='lat' dir='ltr'><strong>Signa</strong></span> <span class='ocrx_word' id='word_1_224' title='bbox 1092 3742 1118 3791; x_wconf 89' lang='lat' dir='ltr'>in</span> <span class='ocrx_word' id='word_1_225' title='bbox 1132 3742 1190 3791; x_wconf 72' lang='lat' dir='ltr'><strong>ooelo</strong></span> <span class='ocrx_word' id='word_1_226' title='bbox 1205 3741 1269 3792; x_wconf 81' lang='lat' dir='ltr'>etin</span> <span class='ocrx_word' id='word_1_227' title='bbox 1287 3742 1367 3799; x_wconf 80' lang='grc' dir='ltr'>ιεειύι,</span> <span class='ocrx_word' id='word_1_228' title='bbox 1383 3752 1447 3794; x_wconf 73' lang='lat' dir='ltr'>tem</span> 
     </span>
     <span class='ocr_line' id='line_1_32' title="bbox 327 3825 1449 3897; baseline 0.001 -18"><span class='ocrx_word' id='word_1_229' title='bbox 327 3827 409 3879; x_wconf 73' lang='lat' dir='ltr'>omnin</span> <span class='ocrx_word' id='word_1_230' title='bbox 422 3835 448 3877; x_wconf 81' lang='lat' dir='ltr'>et</span> <span class='ocrx_word' id='word_1_231' title='bbox 464 3825 579 3883; x_wconf 69' lang='lat' dir='ltr'>minacia,</span> <span class='ocrx_word' id='word_1_232' title='bbox 594 3841 686 3890; x_wconf 64' lang='lat' dir='ltr'><strong>magna</strong></span> <span class='ocrx_word' id='word_1_233' title='bbox 699 3825 765 3875; x_wconf 77' lang='lat' dir='ltr'>illius</span> <span class='ocrx_word' id='word_1_234' title='bbox 778 3842 859 3876; x_wconf 81' lang='lat' dir='ltr'>rerum</span> <span class='ocrx_word' id='word_1_235' title='bbox 872 3827 1037 3877; x_wconf 80' lang='lat' dir='ltr'>conversionis</span> <span class='ocrx_word' id='word_1_236' title='bbox 1049 3828 1194 3894; x_wconf 68' lang='lat' dir='ltr'>prmuntia.</span> <span class='ocrx_word' id='word_1_237' title='bbox 1207 3857 1238 3866; x_wconf 91' lang='lat'><em>-</em></span> <span class='ocrx_word' id='word_1_238' title='bbox 1251 3831 1310 3889; x_wconf 88' lang='grc'>808,</span> <span class='ocrx_word' id='word_1_239' title='bbox 1323 3845 1376 3896; x_wconf 72' lang='lat' dir='ltr'><strong>sqq.</strong></span> <span class='ocrx_word' id='word_1_240' title='bbox 1388 3829 1449 3897; x_wconf 82' lang='lat' dir='ltr'>Epi-</span> 
     </span>
    </p>
   </div>
   <div class='ocr_carea' id='block_1_4' title="bbox 321 4027 1451 4549">
    <p class='ocr_par' dir='ltr' id='par_1_4' title="bbox 321 4027 1451 4549">
     <span class='ocr_line' id='line_1_33' title="bbox 360 4027 1445 4094; baseline 0.003 -16"><span class='ocrx_word' id='word_1_241' title='bbox 360 4031 419 4079; x_wconf 74' lang='grc'>888.</span> <span class='ocrx_word' id='word_1_242' title='bbox 437 4027 514 4077; x_wconf 84' lang='lat' dir='ltr'>Godd.</span> <span class='ocrx_word' id='word_1_243' title='bbox 538 4043 637 4089; x_wconf 74' lang='lat' dir='ltr'>omnes,</span> <span class='ocrx_word' id='word_1_244' title='bbox 651 4027 744 4093; x_wconf 80' lang='grc' dir='ltr'>,κρίσις</span> <span class='ocrx_word' id='word_1_245' title='bbox 771 4027 871 4077; x_wconf 77' lang='grc' dir='ltr'>έσσεται</span> <span class='ocrx_word' id='word_1_246' title='bbox 902 4043 960 4077; x_wconf 86' lang='lat' dir='ltr'>cum</span> <span class='ocrx_word' id='word_1_247' title='bbox 978 4043 1065 4094; x_wconf 76' lang='lat' dir='ltr'>magna</span> <span class='ocrx_word' id='word_1_248' title='bbox 1085 4038 1167 4080; x_wconf 73' lang='lat' dir='ltr'><strong>tamen</strong></span> <span class='ocrx_word' id='word_1_249' title='bbox 1184 4030 1296 4080; x_wconf 74' lang='lat' dir='ltr'>lectionis</span> <span class='ocrx_word' id='word_1_250' title='bbox 1318 4029 1445 4082; x_wconf 73' lang='lat' dir='ltr'><strong>varietate.</strong></span> 
     </span>
     <span class='ocr_line' id='line_1_34' title="bbox 326 4102 1448 4172; baseline 0.004 -19"><span class='ocrx_word' id='word_1_251' title='bbox 326 4104 390 4172; x_wconf 70' lang='grc' dir='ltr'>ἀρχή</span> <span class='ocrx_word' id='word_1_252' title='bbox 404 4120 412 4153; x_wconf 78' lang='lat'>2</span> <span class='ocrx_word' id='word_1_253' title='bbox 424 4103 465 4152; x_wconf 79' lang='lat' dir='ltr'>sed</span> <span class='ocrx_word' id='word_1_254' title='bbox 477 4103 524 4154; x_wconf 71' lang='lat' dir='ltr'>cfr.</span> <span class='ocrx_word' id='word_1_255' title='bbox 539 4119 621 4170; x_wconf 77' lang='lat' dir='ltr'><strong>supra,</strong></span> <span class='ocrx_word' id='word_1_256' title='bbox 636 4105 693 4153; x_wconf 72' lang='lat'>743.</span> <span class='ocrx_word' id='word_1_257' title='bbox 904 4102 982 4152; x_wconf 76' lang='lat' dir='ltr'>flnbet</span> <span class='ocrx_word' id='word_1_258' title='bbox 999 4104 1084 4155; x_wconf 80' lang='lat' dir='ltr'>enim:</span> <span class='ocrx_word' id='word_1_259' title='bbox 1103 4108 1144 4156; x_wconf 84' lang='lat' dir='ltr'>’Ev</span> <span class='ocrx_word' id='word_1_260' title='bbox 1157 4106 1184 4156; x_wconf 72' lang='grc' dir='ltr'>δὲ</span> <span class='ocrx_word' id='word_1_261' title='bbox 1196 4108 1268 4157; x_wconf 84' lang='grc' dir='ltr'>λύκοι</span> <span class='ocrx_word' id='word_1_262' title='bbox 1284 4105 1329 4156; x_wconf 84' lang='grc' dir='ltr'>σῦν</span> <span class='ocrx_word' id='word_1_263' title='bbox 1344 4105 1448 4171; x_wconf 79' lang='grc' dir='ltr'>ἄρνεσσ’</span> 
     </span>
     <span class='ocr_line' id='line_1_35' title="bbox 360 4176 1450 4247; baseline -0.001 -17"><span class='ocrx_word' id='word_1_264' title='bbox 360 4182 418 4238; x_wconf 73' lang='grc'>184,</span> <span class='ocrx_word' id='word_1_265' title='bbox 431 4194 484 4244; x_wconf 81' lang='lat' dir='ltr'>sqq.</span> <span class='ocrx_word' id='word_1_266' title='bbox 503 4178 522 4227; x_wconf 82' lang='lat' dir='ltr'>E</span> <span class='ocrx_word' id='word_1_267' title='bbox 539 4177 657 4229; x_wconf 78' lang='lat' dir='ltr'><strong>Zacharia</strong></span> <span class='ocrx_word' id='word_1_268' title='bbox 668 4176 758 4244; x_wconf 80' lang='lat' dir='ltr'>proph.</span> <span class='ocrx_word' id='word_1_269' title='bbox 773 4192 828 4242; x_wconf 77' lang='lat' dir='ltr'><strong>cap.</strong></span> <span class='ocrx_word' id='word_1_270' title='bbox 844 4180 870 4238; x_wconf 78' lang='lat'>2,</span> <span class='ocrx_word' id='word_1_271' title='bbox 904 4179 929 4227; x_wconf 76' lang='grc' dir='ltr'>εν</span> <span class='ocrx_word' id='word_1_272' title='bbox 944 4179 1041 4245; x_wconf 87' lang='grc' dir='ltr'>οὔρισιν</span> <span class='ocrx_word' id='word_1_273' title='bbox 1055 4183 1220 4244; x_wconf 79' lang='grc' dir='ltr'>αμιλλοῡνται.</span> <span class='ocrx_word' id='word_1_274' title='bbox 1228 4182 1328 4246; x_wconf 70' lang='grc' dir='ltr'>Χόρτον</span> <span class='ocrx_word' id='word_1_275' title='bbox 1336 4182 1382 4247; x_wconf 83' lang='grc' dir='ltr'>γὰρ</span> <span class='ocrx_word' id='word_1_276' title='bbox 1390 4181 1450 4246; x_wconf 71' lang='grc' dir='ltr'>λύγ-</span> 
     </span>
     <span class='ocr_line' id='line_1_36' title="bbox 324 4252 1451 4322; baseline 0.004 -20"><span class='ocrx_word' id='word_1_277' title='bbox 324 4271 348 4304; x_wconf 82' lang='grc' dir='ltr'>ν.</span> <span class='ocrx_word' id='word_1_278' title='bbox 362 4259 393 4305; x_wconf 88' lang='grc'>10</span> <span class='ocrx_word' id='word_1_279' title='bbox 407 4275 413 4304; x_wconf 79' lang='grc' dir='ltr'>ι</span> <span class='ocrx_word' id='word_1_280' title='bbox 428 4256 527 4320; x_wconf 81' lang='grc' dir='ltr'>Τέρπον</span> <span class='ocrx_word' id='word_1_281' title='bbox 541 4254 583 4303; x_wconf 75' lang='grc' dir='ltr'>καὶ</span> <span class='ocrx_word' id='word_1_282' title='bbox 595 4254 745 4319; x_wconf 76' lang='grc' dir='ltr'>εὐφραίνου,</span> <span class='ocrx_word' id='word_1_283' title='bbox 764 4252 871 4319; x_wconf 78' lang='grc' dir='ltr'>θύγατερ</span> <span class='ocrx_word' id='word_1_284' title='bbox 903 4253 1279 4321; x_wconf 78' lang='grc' dir='ltr'>ιιεςέρίφοισινᾶμαβόσκονται.</span> <span class='ocrx_word' id='word_1_285' title='bbox 1289 4258 1391 4322; x_wconf 77' lang='grc' dir='ltr'>’Ἅφκτοι</span> <span class='ocrx_word' id='word_1_286' title='bbox 1401 4257 1451 4307; x_wconf 83' lang='grc' dir='ltr'>σὺν</span> 
     </span>
     <span class='ocr_line' id='line_1_37' title="bbox 323 4329 1450 4398; baseline 0.002 -20"><span class='ocrx_word' id='word_1_287' title='bbox 323 4331 397 4393; x_wconf 84' lang='grc' dir='ltr'>Σιών,</span> <span class='ocrx_word' id='word_1_288' title='bbox 407 4348 432 4378; x_wconf 86' lang='grc' dir='ltr'>α.</span> <span class='ocrx_word' id='word_1_289' title='bbox 447 4345 470 4378; x_wconf 86' lang='grc' dir='ltr'>τ.</span> <span class='ocrx_word' id='word_1_290' title='bbox 482 4332 506 4379; x_wconf 84' lang='grc' dir='ltr'>λ.</span> <span class='ocrx_word' id='word_1_291' title='bbox 905 4329 1033 4394; x_wconf 82' lang='grc' dir='ltr'>μόσχοισιν</span> <span class='ocrx_word' id='word_1_292' title='bbox 1042 4332 1094 4395; x_wconf 84' lang='grc' dir='ltr'>ἅμα</span> <span class='ocrx_word' id='word_1_293' title='bbox 1103 4333 1145 4381; x_wconf 83' lang='grc' dir='ltr'>καὶ</span> <span class='ocrx_word' id='word_1_294' title='bbox 1158 4334 1220 4383; x_wconf 81' lang='grc' dir='ltr'>πᾶσι</span> <span class='ocrx_word' id='word_1_295' title='bbox 1231 4333 1342 4398; x_wconf 86' lang='grc' dir='ltr'>βροτοῖσι</span> <span class='ocrx_word' id='word_1_296' title='bbox 1349 4334 1390 4393; x_wconf 77' lang='lat' dir='ltr'>(an</span> <span class='ocrx_word' id='word_1_297' title='bbox 1403 4347 1450 4398; x_wconf 87' lang='lat' dir='ltr'>po·</span> 
     </span>
     <span class='ocr_line' id='line_1_38' title="bbox 356 4403 1448 4473; baseline 0.003 -19"><span class='ocrx_word' id='word_1_298' title='bbox 356 4408 476 4470; x_wconf 55' lang='grc' dir='ltr'>λησης.</span> <span class='ocrx_word' id='word_1_299' title='bbox 493 4404 563 4453; x_wconf 81' lang='lat' dir='ltr'>Hunc</span> <span class='ocrx_word' id='word_1_300' title='bbox 574 4414 598 4454; x_wconf 84' lang='grc' dir='ltr'>ιιι</span> <span class='ocrx_word' id='word_1_301' title='bbox 605 4413 654 4454; x_wconf 77' lang='lat' dir='ltr'>tres</span> <span class='ocrx_word' id='word_1_302' title='bbox 661 4420 714 4471; x_wconf 73' lang='lat' dir='ltr'>sqq.</span> <span class='ocrx_word' id='word_1_303' title='bbox 726 4417 809 4452; x_wconf 78' lang='grc' dir='ltr'>νειειισ</span> <span class='ocrx_word' id='word_1_304' title='bbox 816 4417 872 4452; x_wconf 84' lang='lat' dir='ltr'>cum</span> <span class='ocrx_word' id='word_1_305' title='bbox 903 4403 952 4453; x_wconf 71' lang='lat' dir='ltr'><strong>tius</strong></span> <span class='ocrx_word' id='word_1_306' title='bbox 965 4407 1070 4470; x_wconf 79' lang='grc' dir='ltr'>βοτοῖσι,</span> <span class='ocrx_word' id='word_1_307' title='bbox 1084 4406 1109 4456; x_wconf 88' lang='lat' dir='ltr'>id</span> <span class='ocrx_word' id='word_1_308' title='bbox 1122 4415 1166 4464; x_wconf 76' lang='grc' dir='ltr'>σοι,</span> <span class='ocrx_word' id='word_1_309' title='bbox 1181 4408 1341 4473; x_wconf 70' lang='grc' dir='ltr'>βοσκήμασιῖ</span> <span class='ocrx_word' id='word_1_310' title='bbox 1349 4416 1367 4467; x_wconf 68' lang='grc' dir='ltr'>ι,</span> <span class='ocrx_word' id='word_1_311' title='bbox 1382 4409 1448 4473; x_wconf 85' lang='grc' dir='ltr'>Σειρ-</span> 
     </span>
     <span class='ocr_line' id='line_1_39' title="bbox 321 4478 1449 4549; baseline 0.004 -21"><span class='ocrx_word' id='word_1_312' title='bbox 321 4479 401 4529; x_wconf 76' lang='lat' dir='ltr'>vicino</span> <span class='ocrx_word' id='word_1_313' title='bbox 416 4483 481 4538; x_wconf 74' lang='grc'>893,</span> <span class='ocrx_word' id='word_1_314' title='bbox 496 4479 555 4529; x_wconf 73' lang='lat' dir='ltr'><strong>citu</strong></span> <span class='ocrx_word' id='word_1_315' title='bbox 577 4478 645 4529; x_wconf 70' lang='grc' dir='ltr'>Ιασι.</span> <span class='ocrx_word' id='word_1_316' title='bbox 661 4478 723 4536; x_wconf 83' lang='lat' dir='ltr'>VH,</span> <span class='ocrx_word' id='word_1_317' title='bbox 743 4493 798 4543; x_wconf 69' lang='lat' dir='ltr'>cap.</span> <span class='ocrx_word' id='word_1_318' title='bbox 821 4480 870 4536; x_wconf 74' lang='lat'>24.</span> <span class='ocrx_word' id='word_1_319' title='bbox 903 4480 1009 4545; x_wconf 76' lang='grc' dir='ltr'>νούόρος</span> <span class='ocrx_word' id='word_1_320' title='bbox 1030 4497 1057 4530; x_wconf 85' lang='grc' dir='ltr'>τι</span> <span class='ocrx_word' id='word_1_321' title='bbox 1077 4482 1138 4532; x_wconf 76' lang='grc' dir='ltr'>λέων</span> <span class='ocrx_word' id='word_1_322' title='bbox 1161 4481 1246 4546; x_wconf 82' lang='grc' dir='ltr'>φάγετ“</span> <span class='ocrx_word' id='word_1_323' title='bbox 1267 4481 1360 4548; x_wconf 83' lang='grc' dir='ltr'>ἄχυρον</span> <span class='ocrx_word' id='word_1_324' title='bbox 1379 4485 1449 4549; x_wconf 76' lang='grc' dir='ltr'>παρὰ</span> 
     </span>
    </p>
   </div>
   <div class='ocr_carea' id='block_1_5' title="bbox 0 0 1598 5310">
    <p class='ocr_par' dir='ltr' id='par_1_5' title="bbox 0 0 1598 5310">
     <span class='ocr_line' id='line_1_40' title="bbox 0 0 1598 5310; baseline 0 11"><span class='ocrx_word' id='word_1_325' title='bbox 0 0 1598 5310; x_wconf 95' lang='lat' dir='ltr'> </span> 
     </span>
    </p>
   </div>
  </div>
 </body>
</html>
