3186 5310
453 402 739 468 statuttrtotttttt
759 404 834 468 LIB.
855 405 904 481 lll,
926 404 946 485 ξ
966 406 995 467 l.
1238 405 1279 467 ta

243 538 335 622 Quos
348 560 460 603 omnes
474 537 609 604 stimulis
623 536 723 628 adigit
737 560 854 603 vesana
868 536 987 626 cupido

177 651 219 724 do
244 646 413 734 Quemque
427 645 488 711 sibi
502 668 627 735 rapere,
644 661 677 709 et
690 644 813 710 nullum
828 667 955 710 servare
972 643 1142 735 pudorem.

242 752 326 816 Nam
338 752 480 842 locuples
494 752 582 842 inopi
598 775 663 816 non
676 769 800 841 partem
818 751 979 841 impertiet
994 750 1091 817 ullam
1105 779 1113 817 ι

242 859 426 924 Humanum
441 860 498 925 sed
511 859 573 924 erit
586 859 669 924 vitiis
683 881 784 947 genus
798 882 894 924 omne
906 858 1061 923 refertum
1079 885 1087 922 ε

241 965 408 1056 Nusquam
421 983 529 1032 sancta
542 966 623 1031 fides
639 994 646 1030 ε
665 983 798 1055 urgente
812 965 961 1056 cupidine
975 964 1067 1046 lucri,

240 1072 409 1162 Excipient
424 1073 529 1140 viduae
545 1097 634 1139 seros
648 1074 731 1139 clam
743 1074 855 1164 vulgus
867 1090 1025 1155 amantes,

175 1180 215 1259 45
240 1179 309 1246 Nec
323 1180 395 1246 vitra
407 1204 557 1246 normam
569 1202 687 1247 uxores
698 1179 844 1269 legemus
857 1182 1025 1248 tenebunt.
1076 1221 1084 1232 ·

284 1289 390 1352 Roma
405 1288 462 1354 sed
478 1288 621 1379 AEgypto
635 1305 805 1378 postquam
818 1287 1049 1370 dominabitur,
1064 1309 1130 1352 uno

241 1396 363 1460 Cuncta
376 1419 525 1485 premens
539 1396 680 1460 bumana
691 1398 782 1485 jugo,
797 1412 867 1461 tum
881 1410 989 1462 sancta
1002 1418 1062 1486 per
1075 1417 1188 1459 omnes

242 1502 399 1592 Exsurget
410 1503 547 1593 populos
560 1502 667 1591 magni
682 1501 860 1568 dominatio
873 1503 969 1592 regis.

228 1609 354 1674 Castus
367 1609 453 1674 enim
467 1609 628 1701 princeps,
644 1633 707 1701 qua
720 1609 814 1675 tellus
828 1633 964 1700 cumque
976 1608 1124 1700 patescit,

177 1715 218 1780 50
242 1716 375 1806 Sceptra
388 1741 447 1807 per
461 1742 557 1783 omne
570 1735 674 1808 geret,
690 1717 790 1785 saeclis
805 1717 1069 1808 properantibus,
1082 1716 1200 1783 arum.

242 1825 334 1890 Tunc
351 1826 575 1892 Romanorum
589 1826 679 1892 furor
692 1824 913 1916 implacabilis,
930 1842 1035 1909 atrox,

244 1931 325 1996 Tres
338 1936 474 2000 Romam
488 1932 628 1999 infausto
643 1932 752 2022 partiti
767 1932 886 1998 foedere
902 1931 1051 2022 perdent.

243 2040 302 2103 Ast
323 2039 493 2106 bominum
511 2063 612 2130 genus
624 2063 720 2106 omne
733 2039 817 2105 intra
830 2063 885 2105 sua
902 2039 1038 2129 quisque
1051 2038 1202 2128 peribunt

241 2145 354 2229 Tecta,
368 2165 441 2213 ruet
455 2148 541 2214 celso
554 2171 654 2237 quum
669 2145 836 2213 flammeus
850 2147 969 2211 aethere
983 2164 1121 2211 torrens.

174 2248 214 2316 55
240 2252 295 2317 Me
309 2253 477 2320 miseram!
495 2253 624 2344 quando
638 2252 787 2320 adveniet
799 2254 854 2320 lux
868 2253 934 2335 illa,
953 2252 1092 2343 supremi

244 2359 403 2427 tudicium
415 2360 521 2426 visura
536 2360 596 2427 Dei
608 2383 823 2451 magnumque
836 2360 1002 2426 tribunal?

252 2473 292 2534 Et
308 2491 393 2534 nunc
407 2467 483 2558 ipsae
498 2492 569 2549 vos,
584 2470 693 2550 urbes,
710 2484 821 2534 ornate
835 2467 978 2558 forisque

242 2573 449 2665 'l'emplisque
462 2573 636 2664 studiisque
650 2591 683 2640 et
697 2574 827 2666 sculptis
840 2598 1002 2641 marmore
1015 2572 1113 2664 signis

245 2688 427 2772 Argentove
440 2704 572 2764 aurove,
587 2681 674 2748 diem
687 2700 724 2748 ut
735 2681 876 2749 subeatis
891 2683 1058 2748 atrocem?

179 2794 221 2858 60
245 2791 329 2858 Nam
341 2787 459 2870 reniet,
475 2789 594 2871 veniet,
610 2789 719 2855 subito
733 2813 834 2880 quum
846 2788 1008 2881 sulphuris
1025 2811 1138 2854 omnes

246 2896 436 2985 Terrigenas
454 2893 577 2961 afflabit
590 2894 685 2962 odor.
701 2895 797 2962 Nunc
809 2895 934 2988 singrda
946 2896 1087 2989 pandam

247 3005 328 3089 Quoe
341 3002 425 3069 mala
438 3001 501 3068 sint
514 3000 663 3068 homines
675 3001 814 3093 passuri,
829 3026 975 3095 quasque
987 3028 1046 3095 per
1060 3004 1167 3069 urbes.

192 3218 234 3276 ts,
246 3230 283 3281 tq.
296 3213 333 3264 lix
345 3212 412 3274 tut,
427 3216 485 3273 itt,
497 3228 564 3280 rqqa,
579 3216 636 3277 169.
647 3230 701 3282 sqq.
769 3219 810 3269 80.
827 3214 865 3267 Ex
878 3213 924 3274 lll,
940 3216 998 3266 402.

193 3293 234 3343 bl.
250 3289 287 3340 Ex
300 3288 373 3349 vlit,
391 3292 441 3350 93,
461 3288 504 3339 ubl
524 3305 608 3340 ornnes
630 3290 701 3342 codd.
769 3293 810 3343 62.
826 3288 1198 3342 Postbuncrcrsumnotaturin
1208 3286 1279 3339 codd.

157 3366 247 3434 χόλοςε
261 3375 287 3417 at
300 3363 342 3416 bic
363 3362 475 3415 nonnulli
487 3363 579 3432 χόρος,
604 3381 637 3418 an
659 3382 704 3433 pro
737 3366 831 3416 lacunae
850 3362 966 3426 locus;in
977 3362 1121 3432 quibusdam
1135 3380 1194 3414 vero
1207 3380 1279 3415 mon·

158 3443 251 3509 mdc?
738 3450 839 3500 stratur,
853 3439 1079 3508 appositurum,
1094 3455 1168 3507 quarn
1177 3437 1203 3490 in
1212 3448 1282 3490 textu

194 3520 234 3570 b2.
254 3517 290 3568 lle
305 3516 382 3568 tribus
395 3514 536 3576 Antoninis,
551 3515 596 3567 cfr⁴
612 3514 642 3576 V,
659 3519 705 3576 51;
738 3514 1279 3583 damur‚tramitionerectosermonsscripta.

161 3591 227 3653 Vltl,
241 3595 284 3651 db,
296 3609 349 3660 sqq.
738 3594 818 3658 Atque
824 3590 866 3642 bic
877 3591 904 3642 in
913 3591 989 3643 latina
997 3591 1116 3652 versione,
1134 3590 1192 3658 quia
1205 3607 1282 3642 noras

195 3672 236 3720 st.
252 3668 383 3736 AEgyptum
398 3665 502 3735 primm
516 3665 706 3734 impietatispoe·
737 3667 913 3719 sententiarum
930 3677 1002 3720 tenor
1018 3666 1128 3720 incbosri
1142 3666 1280 3727 ridebatur,

161 3760 206 3796 nes
223 3743 337 3794 daturam
355 3743 449 3811 puriter
466 3741 595 3795 docebitur
611 3742 654 3794 lib.
676 3743 705 3804 t,
738 3742 834 3811 scripsit
841 3744 922 3795 desuo
929 3741 1250 3796 CastaliozsLibertertiur
1258 3764 1282 3801 »,

161 3817 502 3886 52,tqq.1dquoquebact.
517 3836 530 3870 e
544 3818 646 3887 Sibylla.
739 3836 811 3886 quern
829 3820 892 3870 male
915 3830 1012 3871 secutus
1032 3819 1089 3886 Ops.
1115 3834 1191 3886 graece
1212 3816 1284 3870 vertit

195 3899 236 3947 55.
256 3894 306 3946 Clr.
324 3895 356 3955 ll,
372 3899 430 3946 349.
738 3896 819 3960 Λόγος
839 3897 921 3962 τρίτος
938 3911 945 3946 :
966 3895 1025 3946 hinc
1038 3911 1108 3945 error
1125 3904 1182 3945 ante
1199 3911 1243 3945 nor
1254 3894 1284 3945 ds

196 3972 301 4024 bl-bb.
318 3969 368 4021 ctr.
383 3968 449 4030 vm,
464 3971 520 4030 tta,
533 3986 586 4038 sqq.
738 3970 810 4038 hujus
823 3970 880 4021 libri
894 3971 1011 4022 divisione
1022 3970 1094 4038 vulgo
1105 3979 1224 4039 receptur.
