3186 5310
445 426 722 512 sissuuuuouou
742 427 815 489 un.
839 428 889 503 111,
912 426 931 507 5
954 431 984 488 l.
1232 431 1270 490 co

247 561 320 624 Non
333 559 463 650 vigilans
477 585 604 641 aurora,
620 560 725 624 diesve
739 559 874 623 exercita
889 560 974 624 curis

178 688 222 752 90
245 667 441 743 Succcdcnt3
457 691 522 731 non
536 691 604 748 ver,
621 684 723 749 costas,
739 683 921 749 autumnus,
933 657 1094 735 'hiemsvc

247 775 329 838 Tum
345 774 475 839 demum
489 773 595 838 veniet
611 775 751 864 supremi
764 774 878 860 judicis
892 774 987 857 hora,

247 882 288 945 Et
300 904 462 970 magnum,
477 898 648 971 postquam
662 880 781 947 fuerint
794 881 862 945 haec
876 881 997 963 omnia,
1013 881 1151 948 saeclum.

247 1096 277 1159 Ο
290 1094 392 1185 pelagi
404 1094 529 1178 fluctus,
542 1120 561 1160 o
575 1113 667 1160 terrae
682 1095 821 1160 immane
833 1105 1003 1184 patentcs‚'

248 1204 320 1285 Qua
335 1202 381 1268 sol
400 1202 557 1285 exorienS,
571 1227 633 1292 qua
648 1203 758 1268 labens
775 1202 886 1293 aspicit
901 1204 1031 1267 orbem!

182 1307 225 1394 95
250 1309 365 1373 Omnia
379 1311 538 1398 parebunt
551 1309 584 1374 in
596 1309 752 1374 mundum
763 1333 872 1375 rursus
886 1310 973 1374 eunti
988 1333 996 1374 ε

252 1415 380 1506 Quippe
393 1440 466 1482 suos
481 1417 581 1482 voluit
595 1416 717 1506 primus
730 1441 923 1507 cognoscere
937 1416 1030 1481 vires.

162 1613 203 1663 hic
217 1613 316 1671 desunt,
333 1628 413 1677 quaerc
431 1628 461 1662 cx
475 1612 523 1661 fine
536 1610 593 1661 libri
606 1611 705 1661 secundi
736 1611 768 1661 ab
780 1610 898 1678 Obsopoeo
912 1610 1113 1663 citatushabcbat
1127 1611 1153 1661 in
1164 1609 1280 1678 margine,

162 1698 186 1738 ct
199 1687 269 1738 initio
287 1687 361 1737 tenii.
373 1709 385 1733 ιι
406 1689 548 1754 Sequuntur
562 1688 587 1737 in
602 1688 657 1737 cdd.
681 1696 706 1736 ct
740 1688 776 1750 τῷ
790 1688 881 1737 ἀνιόντι
894 1689 963 1739 πάλιν
976 1690 1009 1745 εἰς
1021 1688 1063 1738 τὸν
1075 1689 1181 1752 κόσμον,
1196 1687 1221 1736 id
1235 1696 1280 1746 cot,

162 1765 233 1814 codd.
249 1773 354 1829 quatuor
371 1780 461 1820 uersus,
479 1767 566 1823 93-96,
578 1764 644 1812 nulla
656 1763 705 1812 lec·
741 1762 878 1813 «venienti
898 1780 980 1813 rursus
999 1763 1024 1813 in
1047 1765 1164 1813 mundum
1184 1763 1280 1830 [suppl.

162 1838 235 1890 lionis
247 1837 361 1889 varietate
375 1855 381 1888 :
395 1839 437 1889 ubi
451 1849 532 1888 lamen
546 1837 600 1888 vide
613 1855 645 1888 an
658 1837 706 1887 iui-
739 1837 836 1888 Christo
855 1855 896 1888 scu
912 1838 1023 1903 Messio}
1039 1861 1052 1885 u
1069 1838 1184 1890 Scholion
1195 1848 1231 1889 est
1251 1839 1283 1888 od

163 1915 197 1964 tio
210 1915 273 1979 legas
287 1916 355 1977 αὐτῷ
368 1917 398 1974 δή
418 1915 455 1964 vel
472 1910 493 1981 ᾧ
511 1917 540 1975 δὴ
560 1916 611 1964 καί.
626 1913 707 1964 loliis
738 1913 811 1963 verba
825 1914 845 1965 o
859 1913 880 1964 ὧ
894 1916 923 1974 δή
936 1915 1001 1966 velll
1010 1917 1049 1975 δή,
1065 1916 1125 1976 sive,
1145 1925 1172 1966 ut
1181 1916 1281 1981 quidam

162 2008 258 2057 quoquc
271 1990 378 2041 versibus
392 1991 551 2056 fragmentum
560 1988 668 2056 agnoscis
677 1988 708 2038 ab
740 1990 810 2039 codd.
823 1990 924 2050 habent,
940 1992 959 2041 ὤ
975 2001 1079 2043 tantum.

163 2083 283 2132 anonymo
307 2065 462 2133 compilatore
485 2082 515 2115 cx
535 2065 617 2131 aliquo
642 2081 708 2115 nunc
774 2069 814 2115 96.
835 2065 911 2115 Codd.
938 2068 1008 2117 multi
1034 2066 1165 2117 articulum
1191 2067 1285 2117 addunt

164 2143 290 2209 deperdito
302 2143 340 2193 vel
352 2143 437 2192 mutilo
450 2142 513 2192 libro
523 2142 667 2192 detractum.
739 2149 797 2190 anic
811 2142 916 2207 κράτος,
931 2143 996 2192 unde
1010 2143 1124 2205 conjicias
1135 2144 1226 2193 lectum
1237 2141 1285 2193 oli-

198 2222 239 2270 95.
254 2218 388 2272 llonconeti
396 2217 523 2285 quaternio
530 2217 708 2284 manuscriptus
740 2216 837 2282 quondo
854 2216 927 2268 luisse
939 2219 1034 2282 ἐπέγνω
1048 2220 1077 2270 τὸ
1090 2237 1130 2287 up.
