3186 5310
572 461 625 522 AD
645 459 859 523 SIBYLLINA.
1205 475 1278 522 mx

161 595 393 663 Antoninorum
405 610 562 684 tempora,
570 597 685 683 quibus
696 595 820 661 ostendi
830 618 902 684 ego,
915 617 973 659 nec
982 593 1192 681 conjectando
1205 609 1273 657 tan·

162 720 242 782 tum,
260 702 317 768 sed
331 700 440 766 multis
456 701 491 766 in
510 690 581 766 eam
601 724 670 767 rem
683 703 785 769 allatis
811 700 1003 791 argumentis
1020 698 1220 788 indiciisque,
1234 698 1273 764 si·

162 810 286 875 mulsei
301 832 390 899 paene
401 808 495 874 simul
506 808 566 873 tria
576 809 716 875 carmina
726 833 794 875 esse
805 808 921 898 scripta
935 837 942 874 ε
961 816 987 873 1⁰
1001 824 1123 896 partem
1135 794 1274 871 mediam

161 917 245 984 libro
270 918 315 981 111
337 915 579 1007 interpolatam3
609 923 640 980 2⁰
664 916 782 982 librum
805 916 1025 1006 Vintegrum3
1052 915 1086 979 3⁰
1107 913 1180 978 libri
1199 914 1277 978 vtlt

161 1041 285 1115 partem
305 1023 455 1115 primam.
477 1024 546 1087 Hos
566 1040 631 1088 tres
651 1024 735 1088 fetus
751 1046 820 1089 esse
839 1020 1012 1088 monstravi
1033 1019 1171 1086 auctoris
1186 1018 1280 1085 unius

162 1133 222 1197 sub
245 1130 407 1197 Antonino
427 1129 486 1195 Pio
506 1130 653 1216 viventis,
676 1129 779 1219 patria
800 1130 849 1195 vel
869 1127 1031 1195 domicilio
1057 1126 1275 1204 Alexandrini,

162 1257 234 1304 ortu
247 1255 280 1304 et
294 1236 491 1328 professione
502 1237 613 1320 ludaei,
626 1262 645 1303 a
658 1255 766 1304 nostra
780 1238 913 1303 fortasse
926 1235 1079 1327 religione
1093 1236 1274 1325 transfugae,

162 1372 202 1414 ex
216 1370 317 1438 eaque
332 1345 512 1429 retinentis,
533 1347 595 1412 hoo
610 1346 727 1429 solum,
745 1346 875 1436 vestigia
890 1346 1036 1435 quaedam
1054 1344 1280 1435 apocalyptica

162 1453 319 1521 lectionis.
342 1455 423 1536 Quae
442 1454 515 1543 quia
534 1453 610 1518 mihi
627 1453 739 1520 videor
754 1454 796 1520 ad
814 1453 971 1542 liquidum
990 1449 1186 1540 perduxisse,
1213 1472 1279 1514 non

162 1557 279 1625 iterum
301 1557 479 1648 aggrediar,
498 1559 631 1625 remisso
650 1559 769 1626 lectore
787 1583 887 1649 quum
905 1557 946 1623 ad
959 1558 1144 1648 'Excursum
1166 1555 1195 1619 V
1211 1553 1280 1620 edi-

162 1665 259 1732 tionis
272 1690 351 1733 meae
363 1665 492 1758 prioris,
507 1690 578 1756 cap.
595 1667 628 1749 6,
646 1689 732 1757 sqq.,
749 1683 815 1732 tum
832 1666 873 1732 ad
889 1666 983 1752 hujus
997 1664 1096 1754 ipsius
1110 1660 1280 1729 voluminis

163 1771 398 1852 Praefationem,
416 1796 486 1862 quae
497 1788 619 1839 attente
633 1772 805 1862 relegatur,
819 1795 888 1838 oro.

195 1941 233 2006 V
228 1941 298 2035 ΙΙΙ.Ἰ
309 1942 356 2006 Dc
370 1941 597 2028 Sibyllinorum
612 1949 792 2008 carminum
807 1942 988 2006 conditione
1002 1954 1078 2006 crete
1094 1920 1126 2006 et
1138 1947 1249 2007 rtatim

577 2063 651 2140 post
667 2053 861 2114 Antoninos.

210 2201 317 2264 Laetor
337 2215 455 2264 nostrae
474 2198 635 2288 religionis
657 2198 771 2288 gratia,
798 2198 885 2286 qnod
909 2214 980 2286 post
1003 2198 1153 2287 primaeva
1177 2199 1280 2288 Sibyl·

167 2304 240 2369 linae
251 2304 329 2370 artis
337 2303 553 2394 experimenta
563 2329 582 2371 a
592 2303 804 2394 Therapeutis
813 2305 971 2394 profecta,
984 2303 1099 2370 deinde
1111 2329 1168 2393 per
1183 2329 1281 2372 unum

168 2428 200 2476 et
219 2409 354 2501 amplius
368 2410 532 2493 saeculum,
547 2412 589 2476 ad
603 2409 783 2476 Antoninos
799 2427 832 2476 et
850 2409 1038 2499 Septimium
1059 2433 1161 2501 usqne
1184 2413 1281 2478 Seve-

167 2528 252 2598 rum,
270 2540 365 2582 nemo
377 2515 574 2582 Christianus
588 2516 734 2582 eamdem
748 2515 1065 2613 pseudo-prophetiae
1079 2517 1161 2582 viam
1177 2517 1280 2585 inoes-

168 2622 255 2705 serit,
271 2623 336 2689 sire
348 2623 564 2711 therapeutica
587 2625 680 2690 Musa
704 2623 771 2689 sine
793 2622 968 2689 heredibus
989 2624 1142 2691 exstincta
1164 2625 1280 2708 suerat,

167 2731 231 2796 sive
247 2731 288 2796 ab
305 2731 363 2795 ista
379 2731 591 2821 propagandae
607 2730 683 2797 fidei
695 2730 818 2797 rationo
840 2746 954 2819 sponte
970 2731 1166 2797 abstinuerat
1180 2731 1281 2798 chris-

166 2838 251 2905 tiana
269 2838 463 2928 simplicitas.
481 2837 544 2905 Sed
557 2839 607 2905 vel
621 2861 659 2904 ea
676 2837 862 2927 simplicitas
879 2837 1059 2904 credulitati
1081 2838 1203 2905 aditum
1227 2863 1281 2929 pa·

68 3016 72 3025 .
167 2963 302 3013 raserat.
324 2948 426 3036 Supra
450 2944 536 3012 enim
560 2944 666 3011 mirati
690 2968 800 3011 snmus
826 2968 866 3010 ex
890 2944 1117 3034 antiquissimis
1134 2948 1283 3014 Patribus

167 3054 338 3135 lustinum,
349 3053 512 3142 singulari,
525 3051 669 3141 quamvis
678 3051 740 3117 sibi
753 3075 818 3116 non
827 3050 966 3129 insueto,
978 3052 1155 3142 sagacitatis
1165 3054 1283 3120 oriticae

168 3158 307 3240 defectu,
332 3146 472 3224 veterem
497 3174 530 3223 et
552 3156 643 3222 valde
670 3156 833 3245 antiquam
860 3179 975 3222 vocare
1000 3157 1165 3247 Sibyllam,
1192 3162 1282 3247 cujus

168 3265 310 3331 carmina
325 3288 366 3330 ne
379 3288 444 3330 uno
460 3262 591 3353 quidem
606 3280 680 3329 ante
692 3286 725 3328 se
737 3262 855 3352 scripta
872 3263 988 3327 saeculo
1004 3263 1095 3328 facile
1110 3287 1282 3353 agnoscere

169 3368 334 3459 potuisset.
353 3368 502 3459 Apertius
516 3392 582 3434 non
596 3369 745 3434 viderunt
756 3367 904 3433 Clemens
918 3369 1094 3446 Romanus,
1110 3386 1142 3435 et
1156 3388 1279 3453 auctor,

168 3476 312 3568 quisquis
328 3476 399 3560 fuit,
417 3475 691 3542 Constitutionum
709 3474 984 3565 Apostolicorum,
1000 3491 1032 3540 et
1047 3476 1281 3567 Athenagoras,

169 3600 201 3650 et
225 3582 438 3673 Theophilus,
455 3581 572 3671 aliique
595 3605 696 3673 prope
710 3604 873 3671 suppares,
894 3580 949 3671 qui
969 3581 1159 3649 testimoniis
1177 3585 1282 3676 Sibyl·

168 3687 240 3754 linis
263 3711 362 3778 opera
386 3711 443 3755 sna
470 3688 631 3779 complere
658 3688 774 3770 solent,
802 3687 849 3753 uti
872 3688 975 3753 citatis
989 3688 1132 3779 ipsorum
1152 3689 1230 3758 locis
1249 3692 1282 3758 in

170 3810 301 3884 utraque
324 3793 465 3860 editione
479 3818 557 3860 mea·
566 3796 673 3884 palam
694 3793 741 3859 fit.
763 3793 828 3859 Sed
841 3795 927 3884 quod
944 3794 1044 3883 magis
1061 3795 1281 3885 obstupescas,

169 3901 316 3967 Clemens
329 3900 573 3980 Alexandrinus,
591 3902 674 3967 inter
692 3899 894 3967 Christianos
915 3901 972 3967 aevi
994 3901 1043 3967 sui
1066 3901 1279 3987 doctissimus,

168 4007 331 4098 Sibyllinis
343 4031 409 4073 non
421 4008 525 4073 minus
538 3996 651 4075 tribuit
663 4031 758 4098 quam
772 4007 886 4083 oeteri;
903 4025 999 4097 atque
1011 4031 1051 4072 ex
1061 4007 1130 4096 ipso
1143 4010 1228 4077 libro
1237 4012 1279 4094 V,

169 4113 368 4182 Alexandriae
381 4115 442 4180 sub
458 4113 626 4180 Antoninis
645 4115 778 4205 scripto,
797 4116 915 4206 degens
939 4116 1007 4204 ipse
1030 4114 1061 4180 in
1077 4117 1189 4183 eadem
1204 4122 1283 4186 urbe

169 4246 271 4313 neque
287 4221 394 4288 multis
404 4221 494 4286 annis
504 4222 675 4311 posterior,
688 4246 796 4289 sersus
810 4237 884 4288 octo
898 4222 1039 4311 integros
1052 4223 1131 4290 locis
1145 4244 1284 4315 quatuor

169 4330 263 4396 affert
284 4327 370 4395 velut
388 4328 536 4417 antiquos
563 4344 595 4393 et
624 4328 780 4419 genuinos
808 4380 815 4395 .
841 4328 929 4419 quasi
954 4353 1019 4394 non
1042 4332 1186 4417 ejusdem
1208 4335 1281 4404 libri

170 4436 325 4526 primores
340 4458 385 4500 un
406 4457 528 4517 versus,
552 4434 666 4500 seriem
687 4434 871 4502 continuam
890 4435 1078 4503 exhibentes
1102 4439 1283 4532 principum

170 4546 389 4610 Romanorum
414 4567 433 4608 a
461 4541 545 4608 lulio
560 4544 682 4617 Cessare
708 4565 809 4632 usque
831 4544 871 4607 ad
889 4559 953 4608 tres
970 4542 1160 4624 Antoninos,
1187 4550 1282 4626 etiam
