3186 5310
231 423 291 483 aso
445 390 449 415 '
739 429 854 493 norm

232 570 289 606 cunt
305 564 361 606 vate
379 572 423 608 sna
442 573 610 624 progressurus
620 560 651 609 ad
662 559 721 610 libri
739 561 775 612 lll
806 565 989 631 attenuatas»,
999 570 1204 640 nempenthomo
1215 570 1357 641 designetur

232 630 313 682 initia.
329 631 372 682 Est
384 632 450 683 enim
460 633 502 684 bio
514 635 623 701 epilogus
633 635 696 686 nihil
709 636 776 687 aliud
807 641 1356 711 «sineusupquodmffiamoflmffl.

232 721 307 771 quam
324 709 437 760 transitio
448 711 479 759 ad
494 721 635 777 sequentem
643 712 747 775 librum,
762 730 777 764 a
806 717 885 767 tinisa
896 719 935 770 vir
947 736 1070 787 nequam.
1080 740 1086 771 ;
1096 738 1253 790 mmm
1260 722 1357 790 &pianr

232 798 282 849 qno
295 784 428 850 presertim
440 787 547 853 separari
560 787 660 837 minime
677 798 778 855 ponunt
807 791 834 842 in
844 793 925 845 Veteri
943 796 1095 849 Testamento
1108 813 1160 848 non
1177 796 1254 849 semel
1269 797 1355 850 «atim

232 859 314 910 munii
326 861 375 910 duo
383 876 473 925 vorans,
487 862 537 912 siue
556 863 730 914 sententiarum
739 874 778 914 te·
807 868 885 920 Belial
895 892 919 930 a,
935 871 959 922 id
970 882 1006 923 est
1019 873 1082 923 filius
1094 872 1178 941 impii,
1194 873 1247 924 sive
1259 872 1290 924 ια
1299 888 1354 925 mo.

233 949 319 984 norem
329 945 430 1002 spectes,
439 938 489 987 sire
502 938 586 988 oedem
595 938 710 1004 utrinqne
722 954 778 990 ror·
807 960 859 994 rem
874 946 989 1014 loquendi
1006 947 1165 1006 orientalem,
1182 947 1275 1015 impios
1291 947 1352 1015 ipsc.

234 1007 274 1072 bh,
289 1009 340 1060 bile
351 1013 489 1062 communia
502 1013 574 1065 melli
585 1015 654 1064 iiiii.
808 1019 881 1080 inde,
896 1033 1025 1090 postquam
1038 1023 1266 1092 “prophetiarum
1278 1022 1354 1074 imer-

808 1099 944 1162 pretationc
955 1099 1081 1150 rabbinioa
1091 1099 1242 1150 Antimessin
1255 1114 1354 1167 exspec-

807 1173 869 1221 tatio
889 1173 916 1222 in
934 1173 1023 1223 scholis
1041 1173 1148 1224 ludricis
1170 1173 1269 1239 vulgata
1289 1172 1353 1232 init,

392 1235 429 1273 ΑΒ
443 1235 549 1275 mm
566 1223 611 1274 ¹¹¹·
809 1248 881 1314 caepit
895 1248 1130 1301 sceleratosisterir
1142 1248 1199 1301 κατ’
1211 1249 1354 1316 &ophelte-

808 1320 852 1371 lial
865 1323 998 1385 nominari,
1010 1325 1053 1390 qui
1066 1338 1123 1375 usos
1135 1325 1210 1375 ctiam
1221 1324 1250 1374 in
1259 1322 1354 1374 lissum

266 1406 307 1455 26.
325 1402 400 1453 Libro
412 1403 440 1465 l,
460 1405 501 1468 at,
520 1403 629 1470 ineptam
642 1403 779 1455 notavimus
808 1399 990 1451 Testamentum
1001 1403 1148 1469 penetrauit,
1162 1401 1284 1453 scribente
1297 1399 1353 1451 dito

235 1479 403 1547 etymologiam
419 1478 533 1529 vocabuli
550 1481 624 1539 Ἀδης
636 1480 668 1529 ab
687 1479 779 1530 Adamo
809 1474 894 1536 Paulo,
907 1476 939 1527 ad
951 1474 1009 1528 (lor.
1024 1477 1056 1539 ll,
1070 1493 1124 1544 cap.
1134 1482 1159 1538 o,
1168 1492 1192 1525 v.
1208 1480 1285 1528 15η
1295 1473 1354 1536 Qut

235 1557 374 1606 deductam.
392 1553 463 1603 Nunc
484 1554 560 1619 ipsius
576 1555 682 1604 nominis
702 1555 779 1606 Adam
811 1560 916 1601 «autem
935 1551 1065 1602 contentio
1078 1550 1170 1602 Christi
1186 1551 1219 1601 ad
1236 1549 1353 1602 belial?-

235 1641 329 1698 etpmns
338 1629 471 1709 protertur,
483 1638 589 1693 quatuor
599 1631 684 1679 mttntli
699 1639 780 1696 partes
810 1628 899 1687 idest,
912 1629 978 1680 inter
990 1628 1116 1682 Christum
1128 1629 1228 1695 ejusque
1243 1626 1354 1677 amera·

235 1707 260 1756 in
275 1721 305 1756 eo
319 1704 418 1755 nomine
435 1712 585 1765 monstrans,
600 1705 718 1754 morardus
737 1705 780 1755 hio
808 1705 881 1754 rium.
902 1703 1022 1765 Qttamdiu
1044 1704 1117 1770 igitur
1138 1704 1211 1771 vulgo
1231 1701 1356 1754 oonsuerit

234 1796 344 1848 quoqne,
355 1789 448 1838 tamen,
463 1777 482 1827 si
492 1778 526 1828 ita
535 1778 617 1828 dicere
630 1778 666 1829 las
675 1789 725 1842 est,
740 1780 779 1830 in·
808 1795 871 1828 nnus
884 1778 1046 1830 Antichristus
1061 1779 1194 1846 exspectari
1207 1777 1289 1841 Nero,
1304 1778 1355 1844 ejus

234 1858 330 1923 geniose
341 1855 467 1905 absurdus.
479 1852 526 1914 Qui
539 1854 639 1918 quidem
650 1856 702 1921 jam
714 1856 779 1906 anti-
808 1870 907 1920 quoqne
924 1854 996 1905 unius
1012 1855 1162 1905 mentionem
1179 1853 1206 1904 in
1226 1852 1354 1922 Sibyllinis

234 1933 317 2000 qnitus
326 1930 470 1981 Christianis
481 1929 573 1995 placuit
585 1947 590 1978 :
602 1930 704 1980 ailenur
713 1931 779 1981 enim
808 1931 925 1982 haiminus
936 1932 1031 1982 obviam
1044 1947 1051 1983 τ
1062 1932 1214 1992 seriusvero,
1226 1930 1353 1981 deficiente

235 2006 382 2075 aCyprisno
395 2005 460 2055 libro
471 2006 502 2054 dc
516 2003 574 2054 Sina
583 2015 608 2055 et
617 2004 686 2068 Sion,
694 2015 719 2055 et
728 2007 778 2055 Aa·
808 2007 920 2058 uidelicet
942 2006 1045 2059 reflitori
1069 2004 1168 2074 tyranni
1186 2016 1271 2066 mmo,
1291 2004 1353 2056 cirea

233 2084 338 2151 gustino,
353 2082 380 2132 in
393 2081 482 2131 loann.
499 2089 571 2130 tract.
586 2079 634 2143 lli,
649 2089 674 2131 et
685 2096 716 2130 ex
727 2082 779 2131 An·
809 2083 923 2133 seculum
930 2082 975 2139 ΠΙ,
986 2082 1022 2133 nti
1032 2084 1169 2143 oredimus,
1184 2082 1294 2133 videmos
1310 2097 1353 2148 pro

234 2159 324 2226 gustini
337 2157 383 2207 lide
397 2155 554 2206 asenembili
569 2155 635 2205 Beda
645 2156 670 2204 in
682 2155 776 2209 Comm.
809 2139 885 2208 statino
912 2157 1062 2209 Antichristo
1087 2157 1183 2209 Nerone
1205 2172 1292 2208 rursus
1310 2157 1353 2207 be·

234 2234 401 2303 superloann.
415 2232 465 2281 Nec
479 2230 586 2298 profanis
604 2231 699 2296 ignotus
717 2231 777 2291 tuit,
809 2232 900 2284 bream
919 2233 1024 2302 proferri
1045 2234 1119 2285 Belial
1140 2248 1197 2286 cum
1208 2248 1288 2300 eoque
1311 2231 1354 2283 he·

233 2328 295 2378 qnos
310 2311 374 2360 inter
388 2323 474 2357 tanuse
485 2306 680 2373 Geoponicorum
694 2316 779 2356 aucto·
808 2308 916 2360 braicam
927 2310 958 2360 tle
969 2309 1112 2360 Antimessia
1124 2308 1283 2360 traditionem
1291 2307 1352 2359 mix·

235 2386 313 2450 ribus,
325 2384 370 2434 lib.
384 2382 447 2434 XlV.
462 2398 517 2448 cap.
533 2384 556 2439 5,
573 2381 778 2433 columbariorum
808 2394 857 2434 tam
873 2382 1354 2453 utcumqueApooalyptioisrevelationi·

233 2462 336 2512 formam
347 2457 512 2526 praescribens,
529 2457 628 2522 singulis
639 2473 723 2507 eorum
734 2474 778 2524 pa·
808 2461 862 2511 bus.
876 2460 912 2510 lta
919 2459 993 2510 Belial
1001 2461 1030 2511 is
1039 2462 1212 2520 Σεθαστηνῶν,
1226 2475 1260 2509 «ε
1270 2458 1353 2511 sam-

235 2537 337 2588 rietibns
351 2551 439 2584 nomen
459 2535 553 2584 ΑΔΔΜ
572 2532 672 2582 inscribi
688 2531 777 2599 jubet,
808 2535 854 2598 ria,
865 2555 878 2578 s
891 2535 999 2585 oriturus
1010 2535 1161 2602 praedicitur,
1173 2548 1263 2601 nempe
1273 2532 1352 2584 oblo-

233 2613 260 2663 id
274 2622 309 2663 est
321 2620 427 2677 quatuor
440 2618 567 2659 ventorum
579 2609 687 2670 nomino,
702 2609 779 2659 initiis
809 2628 864 2661 cum
877 2610 1006 2675 Geneseos,
1026 2627 1080 2678 cap.
1100 2614 1143 2671 te,
1156 2614 1224 2661 nte
1245 2626 1252 2661 :
1277 2608 1353 2660 «nn

236 2688 285 2738 suis
296 2687 428 2751 designata,
442 2683 503 2733 sicut
520 2684 569 2733 iero
580 2684 644 2749 apud
653 2700 697 2733 nos
705 2684 732 2733 in
743 2686 778 2734 la·
808 2686 860 2736 Dan
873 2709 886 2729 a
897 2686 998 2737 coluber
1012 2685 1094 2744 invia,
1106 2695 1210 2736 cerastes
1219 2685 1349 2747 tannia,

234 2763 308 2814 minis
314 2760 465 2810 remahlibus
475 2775 530 2825 qnae
542 2768 663 2809 tectorum
679 2759 779 2825 fastigiis
810 2764 943 2813 «mordens
952 2759 1116 2829 ungulasequi
1124 2781 1149 2820 s,
1160 2776 1237 2827 qnam
1248 2759 1355 2828 prophe·

235 2838 328 2904 imponi
335 2837 420 2886 solent.
807 2839 868 2888 tiam
884 2838 979 2888 rabbini
995 2838 1027 2888 ad
1043 2835 1213 2887 Antimessiam
1225 2852 1298 2887 sunm
1315 2852 1353 2887 re·

269 2917 312 2974 63,
325 2927 378 2977 sqq.
390 2911 419 2960 ln
432 2910 517 2959 ceteris
531 2907 656 2981 Sibyllinis
667 2919 779 2961 constans
808 2914 871 2964 terre
882 2930 932 2963 non
944 2913 1127 2970 dubitaverunt,
1135 2911 1228 2962 ramulae
1237 2908 1352 2962 Samaria

234 2988 327 3053 ubique
340 2985 462 3053 reperitur
472 2984 503 3034 tle
520 2983 670 3034 Antichristo
684 2984 778 3036 Nerone
807 2986 872 3051 orsio,
885 2989 943 3039 licet
951 2987 1068 3053 Samaria,
1083 2988 1113 3038 ad
1125 2986 1219 3037 tribum
1230 2987 1353 3055 pertineas

234 3065 359 3116 traditio:
379 3078 452 3128 quam
474 3061 545 3126 vulgo
564 3070 687 3126 receptam
706 3060 778 3111 tuisse
808 3063 939 3131 Ephraim,
955 3063 1032 3114 tribui
1052 3063 1104 3113 ban
1121 3076 1173 3112 non
1192 3078 1299 3125 maesta,
1311 3061 1352 3113 ssi

233 3157 283 3191 non
302 3140 367 3206 apud
382 3137 532 3188 Christianos
544 3137 627 3201 modo,
645 3136 686 3185 sed
703 3136 778 3185 etiam
807 3139 888 3190 vicina
901 3147 969 3190 esset¹
988 3139 1057 3201 Quod
1075 3139 1106 3189 ad
1122 3136 1192 3188 istius
1204 3137 1295 3189 nefarii
1306 3134 1352 3187 riri

233 3217 299 3284 apud
309 3215 405 3266 ludaeos
418 3213 583 3279 cognoscimus
598 3227 674 3278 quum
686 3228 715 3261 ex
724 3212 779 3262 aliis
808 3213 889 3264 lutura
899 3212 1126 3281 speculatricem,
1141 3228 1170 3263 ea
1180 3213 1254 3279 uulgo
1264 3213 1352 3264 admit·

232 3287 778 3357 tibmpreseramvnvul,§1,tumex
808 3289 935 3350 rebantur,
952 3288 1042 3357 partim
1058 3307 1088 3340 ex
1103 3287 1209 3340 Danielis
1220 3286 1354 3357 prophetiis

232 3367 341 3417 omnium
351 3364 518 3429 antiquissimo
531 3362 573 3425 IV,
591 3365 649 3421 itt,
659 3378 722 3428 sqq„
735 3361 778 3411 ubi
808 3367 866 3438 (nbi
878 3376 960 3417 tamea
968 3366 1081 3416 ridentur
1091 3363 1122 3415 ad
1135 3363 1287 3416 Antiochum
1295 3364 1353 3434 Epi·

233 3443 288 3492 vide
301 3451 352 3490 not.
374 3440 418 3488 llic
436 3439 509 3488 semel
532 3448 605 3502 atque
624 3436 665 3487 hic
683 3446 778 3488 tantum
807 3442 913 3509 phanem
931 3443 1076 3509 respicere),
1096 3441 1187 3508 partim
1204 3456 1235 3491 ex
1257 3442 1353 3509 Apooa·

232 3518 368 3577 (namlibri
383 3515 499 3565 liversns
513 3519 558 3565 lot
574 3514 631 3564 binc
650 3513 778 3564 manifesto
808 3518 880 3586 lypsi‚
893 3535 947 3586 cap.
963 3522 1001 3578 tt,
1017 3534 1040 3568 v.
1056 3520 1097 3578 ts,
1112 3532 1149 3583 sq.
1175 3514 1209 3567 Ut
1226 3516 1258 3567 ad
1271 3526 1354 3568 nostra

234 3598 374 3661 desumptus
387 3596 448 3657 est),
467 3607 545 3641 novus
559 3591 629 3657 quasi
642 3591 778 3642 Antichris·
807 3594 943 3651 redeamus,
956 3592 1008 3655 hic,
1021 3593 1065 3658 qui
1079 3591 1148 3642 nobis
1159 3600 1247 3658 presto
1258 3601 1306 3652 est,
1316 3600 1354 3642 to·

232 3683 275 3724 tus
282 3669 427 3738 producitur
436 3668 482 3717 snb
493 3667 608 3717 hebraIco
620 3666 718 3716 nomine
730 3667 777 3718 lic·
807 3678 847 3720 tus
859 3669 891 3719 de
903 3668 970 3719 Belia
986 3668 1055 3718 locus
1070 3682 1120 3718 non
1135 3682 1231 3734 semper
1247 3666 1297 3719 hae
1315 3669 1354 3719 in-

231 3741 777 3811 lial:hellenistaeplcrumqueexingenio'grra
807 3745 888 3794 clusus
901 3742 948 3794 luit
961 3743 1028 3794 tertii
1040 3742 1098 3793 libri
1117 3750 1197 3809 parte,
1214 3742 1268 3809 §L
1295 3742 1355 3795 tuis

232 3822 359 3887 crelinguae
367 3821 453 3885 Βελίαρ
464 3816 778 3877 αιιῐΒιλίαςεοτίὸιιυῑςάἰ-
807 3819 868 3871 oiim
893 3819 918 3869 in
939 3819 1003 3868 lihro
1022 3818 1194 3885 secundopost
1208 3821 1264 3878 tot,
1287 3820 1355 3870 undo

230 3915 276 3948 vus
287 3906 368 3948 tamen
378 3893 589 3945 Paulushebraico
601 3907 668 3941 more
680 3894 774 3943 Belloi.
807 3893 932 3946 brevitatis
952 3910 1024 3945 causa
1052 3895 1175 3944 detractus
1194 3909 1210 3944 a
1232 3892 1355 3962 Sibyllino

232 3972 302 4034 Quod
319 3987 409 4021 nomen
428 3985 504 4037 quum
526 3969 585 4018 olim
602 3967 775 4034 interpretare·
807 3970 966 4037 compilatore
979 3969 1107 4019 translatus
1127 3968 1177 4018 huo
1199 3968 1256 4034 luit,
1280 3968 1355 4020 simul

231 4064 295 4112 mur,
313 4046 478 4113 superstitiosa
498 4045 604 4110 prodam
620 4046 776 4095 veneratione
807 4063 862 4096 cum
883 4046 960 4095 vidue
977 4054 1111 4110 reparatura
1120 4042 1259 4105 mentione,
1279 4044 1355 4109 inira,

230 4141 286 4191 erga
299 4123 349 4173 divi
363 4121 504 4187 Hieronymi
516 4135 634 4169 summam
647 4118 672 4168 in
686 4119 776 4170 talibus
808 4125 847 4181 75,
859 4137 922 4187 sqq„
931 4129 957 4170 ot
966 4118 1357 4186 aliisquibnstlamdetinemuntli

229 4200 302 4251 rebus
315 4197 484 4249 auctoritatem
497 4212 526 4245 eo
540 4210 621 4244 sumus
633 4194 732 4244 adducti
747 4204 775 4244 nt
807 4195 1011 4256 praedictionibus.
1028 4211 1082 4260 que
1090 4194 1204 4259 neglecte
1216 4195 1326 4261 primum
1340 4212 1357 4247 a

228 4276 289 4326 ittnd
304 4291 318 4325 a
332 4274 428 4324 duabus
441 4269 563 4322 hebraicis
576 4269 676 4320 vocibus
689 4267 738 4319 beli
750 4279 775 4321 et
806 4272 973 4338 compilatore,
995 4270 1084 4321 deinde
1096 4269 1146 4320 hnc
1158 4280 1279 4337 congestoe
1297 4281 1357 4322 mot

230 4351 256 4400 ol
283 4350 463 4407 deriseramus,
481 4357 599 4411 tanquam
623 4355 774 4412 «expertem
806 4347 923 4413 implendi
947 4345 1078 4396 uoluminis
1091 4360 1179 4403 caum.
1207 4346 1272 4397 sicut
1293 4347 1357 4398 alias

226 4430 278 4503 jugi
289 4450 302 4473 a
312 4444 319 4487 3
330 4444 396 4478 nunc
409 4426 509 4476 minime
522 4425 662 4475 dubitamus
672 4424 707 4474 sic
718 4440 774 4474 enm
805 4422 919 4472 diximus.
936 4421 1009 4471 Pium
1022 4437 1063 4472 seu
1076 4421 1157 4489 potius
1169 4420 1252 4473 omnia
1261 4423 1294 4474 de
1303 4423 1357 4473 An-

229 4504 277 4553 dici
285 4520 298 4554 a
306 4502 363 4564 beli,
377 4525 389 4549 a
401 4503 463 4562 sine,
473 4501 588 4567 absquae,
598 4511 621 4550 et
631 4497 682 4558 illl,
693 4522 705 4545 a
717 4516 774 4550 trsus
806 4498 917 4549 tirhlisto
927 4496 998 4564 digna
1009 4498 1106 4564 cognitu
1114 4497 1175 4549 scire
1182 4497 1228 4565 qni
1234 4499 1356 4563 voluerit,
