3186 5310
469 433 750 501 sturmiuouuu
773 436 843 499 uu.
868 437 916 512 ιιι,
938 437 1008 517 §a

316 571 366 634 Tu
380 593 454 635 vero
469 570 579 635 aeterni
591 592 740 658 magnam
759 569 833 658 suge
847 570 997 636 Numinis
1012 571 1105 637 iram.

274 678 423 766 Namque
439 679 494 743 ubi
507 679 659 744 mortales
675 694 806 744 cunctos
822 677 985 743 horrenda
995 678 1142 767 gravabit

274 789 388 866 Pestis,
405 805 440 853 et
454 787 603 853 imanis
619 811 784 878 pmuarum
802 786 966 853 incumbet
982 812 1126 866 acervus,

185 894 250 960 635
275 896 316 958 Et
329 917 437 984 regem
452 896 623 985 capietrex
636 895 752 960 fortior
766 917 906 984 arvaque
917 894 1037 982 demet,

273 1002 314 1065 Et
330 1025 406 1090 gens
420 1001 540 1065 delebit
555 1018 697 1090 gentem,
717 1001 916 1090 populosque
931 1001 1073 1091 dynastae

274 1096 476 1191 lnt'eriment,
494 1108 680 1198 fugiantque
694 1106 792 1174 duces
804 1108 908 1172 aliena
920 1131 977 1197 per
992 1133 1084 1190 arva,

274 1212 478 1302 Mutabitque
495 1213 640 1278 homines
652 1215 759 1294 tellus,
777 1214 961 1304 Graecisque
978 1235 1110 1304 repente

275 1321 412 1383 Barbara
427 1319 473 1384 vis
484 1320 650 1386 incumbet
661 1321 755 1410 agris,
773 1339 932 1411 terraeque
948 1323 1064 1388 feracis

185 1427 250 1503 640
275 1424 407 1490 Divitias
424 1450 535 1490 omnes
550 1426 727 1504 exhauriet,
743 1451 896 1517 armaque
911 1444 1038 1492 vertent

275 1533 389 1596 Mutua
404 1532 569 1598 discordes
585 1533 670 1599 inter
688 1559 735 1612 se,
754 1534 875 1600 scilicet
891 1558 1007 1600 aurum

275 1640 412 1727 Propter
427 1656 459 1704 et
469 1658 637 1730 argentum
649 1641 792 1728 (tantum
809 1642 992 1707 malesuada
1007 1642 1168 1708 malorum

276 1743 385 1833 Gignit
400 1746 579 1835 avarities),
599 1763 667 1810 tum
682 1747 813 1811 demum
831 1746 864 1811 in
882 1747 998 1828 finibus
1013 1772 1125 1813 omnes

273 1840 434 1936 Funerum,
450 1852 536 1917 ferro
552 1853 694 1931 mactati,
710 1852 876 1918 inhumata
891 1853 1075 1942 relinquent

186 1956 250 2034 645
274 1958 423 2023 Membra
440 1957 523 2049 lupis
541 1960 717 2048 avibusque
733 1959 809 2024 feris
827 1986 834 2023 :
849 1982 913 2048 quo
927 1959 1066 2047 denique
1081 1959 1180 2040 sacto,

277 2064 449 2154 llelliquias
463 2066 557 2130 tellus
571 2082 740 2130 consumet
752 2066 822 2129 luce
837 2083 1021 2150 carentum

273 2171 375 2259 Atque
392 2171 496 2236 omnis
510 2172 644 2261 posthac
662 2171 794 2252 inculta,
811 2171 932 2236 inarata
946 2171 1080 2257 jacebit,

279 2275 404 2354 Infelix,
425 2277 591 2342 hominum
609 2278 712 2342 scelus
726 2277 889 2341 exitiabile
905 2293 1041 2352 testans;

277 2387 401 2468 Donec,
419 2383 599 2471 longinquis
615 2384 648 2448 in
665 2408 699 2448 se
717 2382 926 2449 redeuntibus
943 2383 1046 2465 annis,

79 2521 85 2531 ·
185 2490 252 2558 650
275 2491 381 2554 Peltas
397 2507 429 2554 et
444 2489 578 2579 clipeos,
599 2515 682 2580 gaesa
698 2508 730 2555 et
747 2492 810 2555 tela
826 2491 935 2556 omnia
951 2507 1092 2579 promat,

276 2598 344 2662 Nec
362 2597 402 2661 de
414 2614 567 2685 querceto
584 2597 707 2685 lignum
725 2598 866 2662 caedatur
881 2597 914 2662 in
929 2597 1049 2685 ignem.

321 2705 411 2767 Tunc
424 2726 441 2766 a
455 2704 522 2767 sole
535 2706 622 2768 Deus
636 2727 745 2790 regem
760 2704 920 2781 demittet,
940 2704 973 2768 in
988 2727 1099 2767 omnes

277 2808 424 2873 Effusum
440 2826 540 2874 terras
554 2810 631 2875 belli
649 2810 704 2899 qui
723 2810 915 2898 comprimet
929 2829 1055 2887 aestum,

278 2915 399 2980 Occisis
414 2914 495 2993 aliis,
514 2916 583 2981 aliis
603 2916 634 2979 in
648 2918 768 2981 soedera
777 2916 909 3002 junctis.

188 3020 253 3087 655
279 3023 348 3087 Nec
362 3046 437 3086 vero
454 3022 583 3111 propria
603 3021 648 3086 sic
664 3021 787 3110 digeret
798 3022 905 3085 omnia
920 3038 1041 3099 mente,

278 3129 341 3193 Sed
358 3127 463 3217 magni
480 3145 639 3217 praecepta
658 3130 719 3192 Dei
735 3129 919 3193 veneranda
937 3145 1074 3193 secutus.

276 3238 381 3324 Atque
398 3234 514 3324 opibus
532 3259 659 3299 rursum
675 3229 806 3299 llorcbit
823 3254 928 3298 aurata
946 3239 1014 3299 Deo
1032 3258 1122 3322 gens,

281 3343 424 3430 Argento
439 3340 543 3430 gravis
555 3359 651 3429 atque
664 3365 756 3424 auro,
774 3342 926 3429 cultuque
941 3340 1092 3406 renidens

280 3449 459 3538 Purpureo,
476 3449 637 3512 cumulata
654 3447 747 3512 bonis
763 3466 921 3537 terraeque
938 3449 1109 3537 marisque.

193 3689 224 3698 -
239 3664 298 3719 652,
314 3676 368 3727 sqq.
384 3660 453 3711 Tune
465 3661 617 3728 propinquus
630 3662 720 3713 llessin
733 3665 852 3714 adrentus
865 3665 890 3715 in
902 3673 979 3714 terras
991 3663 1136 3721 celebratur,
1151 3662 1251 3728 ejusque
1264 3677 1316 3728 mg·

191 3759 251 3794 num
260 3744 286 3793 in
293 3744 375 3795 Judtea
384 3753 409 3794 et
420 3744 520 3809 quidem
533 3746 559 3795 in
572 3746 631 3811 ipsis
641 3746 813 3814 Hierosolymis
824 3749 1020 3799 constituendum
1034 3747 1077 3812 [sic
1084 3757 1167 3813 aperte
1174 3746 1314 3814 Noster].-

225 3928 284 3987 650,
298 3942 334 3992 sq.
347 3926 381 3975 Ειι
392 3925 527 3986 Erechiele,
540 3944 593 3994 cap.
608 3931 651 3988 tt,
666 3939 691 3980 et
702 3929 736 3980 sic
770 3932 905 3991 diarmait,
919 3941 944 3981 et
958 3929 1022 3980 idem
1037 3929 1141 3978 innuere
1160 3927 1257 3979 ridetur
1268 3931 1314 3979 Τι-

192 4000 255 4050 inim
266 4003 323 4062 tte,
337 4017 382 4066 sq..
396 4001 465 4067 longe
477 4002 640 4054 licetdirerso
657 4021 736 4056 sensu.
769 4007 842 4065 citus,
853 4007 914 4057 Hist.
930 4005 960 4068 tt,
975 4006 991 4071 S
1007 4009 1036 4055 tt
1048 4023 1055 4054 :
1069 4005 1111 4054 sed
1128 4004 1169 4054 alii
1181 4004 1316 4071 simplicius

192 4076 300 4142 llespicit
312 4077 343 4126 ad
363 4076 408 4126 hos
428 4078 478 4127 duo
493 4095 574 4128 versus
594 4079 661 4130 Lact.
683 4081 740 4140 Vll,
769 4082 903 4146 meliusque
920 4097 955 4130 «e
969 4081 1064 4140 calo»,
1080 4080 1143 4130 sieut
1156 4096 1239 4146 supra,
1254 4081 1313 4139 286,

192 4165 215 4201 e.
231 4154 272 4203 2⁶.
286 4150 315 4202 lu
331 4152 438 4201 secundo
452 4154 474 4202 Θ*
488 4152 626 4203 addidimus
636 4172 665 4204 er
681 4159 737 4207 tta.
769 4157 846 4223 Cyrus
859 4173 874 4206 e
892 4156 949 4205 eaelo
962 4155 1144 4215 demittebatur,
1167 4154 1318 4222 οὺραιόθοι,

225 4229 344 4293 ἥλιος.
361 4227 431 4277 lluuc
438 4237 463 4277 et
469 4229 518 4277 duo
532 4244 586 4294 sqq.
601 4230 662 4281 citat
676 4229 739 4281 Lac·
769 4231 865 4281 iuturus
877 4231 903 4281 iu
917 4230 987 4280 terris
998 4230 1068 4296 quasi
1077 4230 1169 4280 blesum
1180 4231 1265 4296 figura.

192 4302 292 4364 tentius,
308 4301 360 4360 Vll,
375 4318 428 4368 cap.
447 4307 486 4362 18,
508 4302 553 4352 uisi
570 4305 636 4368 quod
655 4305 739 4356 scribit
805 4311 862 4357 655.
883 4307 934 4357 Cir.
947 4306 1034 4355 loann.
1050 4305 1092 4355 Er,
1103 4321 1156 4370 cap.
1172 4310 1196 4366 5,
1210 4321 1233 4354 r.
1249 4307 1278 4355 lu
1292 4314 1318 4355 et

192 4379 297 4442 πέμψεις
309 4376 379 4434 Otia.
396 4377 511 4428 Ceterum
524 4379 566 4428 ἀπ’
576 4381 683 4442 ἠελίοιο,
699 4404 712 4425 «ι
726 4398 740 4431 a
772 4386 804 4432 30
815 4384 866 4433 :Oi
878 4382 980 4431 δύναται
991 4384 1004 4431 t
1017 4381 1071 4438 υἱὸς
1080 4381 1158 4431 ποιεῖν
1169 4379 1211 4445 ἀφ’
1223 4378 1317 4431 ἑαυτοῦ

192 4452 387 4517 sole-,suntqui
398 4451 535 4519 intelligant
546 4453 598 4503 «ab
608 4456 704 4506 oriente
715 4477 738 4515 u,
770 4458 854 4513 οὐδέν,
866 4459 933 4522 quod
947 4455 1057 4507 heretici
1070 4455 1171 4521 quidum
1183 4456 1211 4506 iu
1224 4455 1317 4506 melun

192 4537 221 4579 ut
239 4537 277 4578 eet
293 4528 360 4595 apud
376 4527 458 4589 tuus,
476 4544 529 4596 cap.
548 4531 590 4591 ll,
608 4546 631 4581 v.
650 4533 676 4592 2,
696 4532 739 4581 ἀπ’
769 4548 865 4582 sensum
879 4540 1013 4583 tremunt.
