3186 5310
585 452 870 518 SIBYLLINORUM
891 453 960 516 LIB.
981 451 1006 516 1.
1317 452 1353 513 31

328 592 483 679 Corpora.
504 587 569 653 Sed
585 602 692 652 tamen
707 585 742 653 bi
756 586 875 678 stygias
892 585 1000 652 obiere
1019 586 1179 664 tenebras,

329 698 371 762 Et
385 719 451 762 non
466 695 651 784 frangendis
664 694 784 761 astricti
803 697 948 761 membra
962 692 1092 771 catenis,

329 803 416 894 Ignis
429 803 610 869 inexstincti
627 802 733 868 diram
750 803 879 869 subiere
893 801 1093 868 Gebennam.

372 911 481 976 Tertia
496 910 590 1000 stirps
611 909 777 976 hominum
794 927 869 1001 post
885 910 958 976 illos
971 908 1090 975 deinde
1107 922 1216 974 secuta
1230 923 1291 987 est,

242 1018 302 1085 105
324 1017 454 1096 Saevior,
473 1033 506 1084 et
519 1018 601 1083 fastu
615 1034 741 1083 mentes
756 1016 861 1083 inllata
874 1019 1012 1107 superbo
1033 1043 1041 1081 ε

327 1124 391 1211 Qui
405 1126 488 1191 mala
505 1125 606 1191 multa
618 1124 679 1191 sibi
696 1149 754 1215 per
765 1142 876 1191 mutua
892 1125 1008 1190 damna
1025 1138 1187 1215 parantes,

325 1233 458 1322 Semper
471 1250 505 1298 et
519 1231 648 1298 assiduo
662 1232 834 1298 miscentes
848 1256 936 1298 arma
954 1230 1105 1315 tumultu,
1198 1225 1203 1239 ’

324 1339 408 1404 Bella
423 1364 483 1430 per
499 1357 532 1405 et
549 1361 672 1430 pugnas
689 1339 908 1405 internecione
922 1341 1083 1429 peribant,

327 1447 486 1514 Cordibns
499 1445 656 1513 indomiti.
704 1449 851 1530 Quorum
869 1446 910 1512 de
924 1446 1077 1536 sanguine
1091 1461 1164 1512 nata
1177 1461 1227 1512 est

241 1577 301 1621 rto
323 1554 488 1622 Posterior
499 1553 640 1632 soboles,
657 1555 839 1642 temeraria,
853 1554 940 1620 caede
956 1570 1110 1621 cruenta:

323 1663 446 1746 Quarta
462 1661 565 1727 virum
583 1683 661 1751 gens
677 1661 730 1727 illa
750 1661 822 1745 luit,
841 1662 896 1752 qui
910 1661 1062 1752 sanguine
1077 1661 1181 1727 multo

323 1767 537 1848 Immadnere,
551 1786 641 1835 metu
655 1768 781 1834 sublato
795 1769 1027 1859 hominumque
1040 1768 1177 1859 Deique.

321 1874 451 1944 Scilicet
466 1875 575 1942 insana
590 1877 673 1966 rapti
686 1875 853 1965 vertigine,
873 1894 1029 1966 qnantum

321 1983 456 2064 Soevitia,
474 2001 600 2050 tantum
613 1984 730 2049 misera
745 1983 909 2074 impietate
926 1984 1087 2051 furebant.

235 2090 297 2157 115
321 2092 425 2181 Atque
440 2090 500 2157 hos
517 2091 605 2157 bella
620 2091 749 2181 quidem
763 2092 929 2181 caedesque
941 2109 975 2157 et
986 2091 1095 2181 pralia
1108 2089 1176 2156 dira

174 2229 178 2236 ·
321 2197 487 2264 Demisere
500 2198 621 2278 Erebo,
639 2197 869 2279 lacrimandos,
885 2198 982 2288 impia
996 2197 1140 2289 quamvis

321 2306 457 2372 Pectora
469 2322 652 2396 gestantem
672 2329 754 2397 quos
773 2329 884 2371 omnes
899 2306 1037 2396 percitus
1051 2304 1098 2370 ira

321 2410 462 2478 Caelestis
472 2414 560 2479 Deus
571 2411 639 2504 ipse
651 2436 710 2479 suo
728 2412 865 2479 detrusit
878 2414 919 2478 ab
936 2413 1029 2494 orbe,

317 2518 479 2586 Tartareis
493 2519 619 2586 clausos
633 2520 777 2586 tenebris
791 2519 907 2586 tellure
922 2520 983 2586 snb
999 2519 1075 2587 ima.

234 2647 295 2691 rao
361 2626 531 2692 Postremo
542 2627 639 2716 longe
654 2629 802 2719 pejorem
816 2627 963 2693 condidit
975 2643 1087 2693 auctor

317 2735 424 2823 Atque
439 2733 624 2800 illaudatam
638 2735 784 2826 stirpem,
801 2757 899 2825 quam
917 2731 1034 2801 deinde
1049 2730 1166 2799 severis

317 2840 436 2908 Allecit
448 2839 561 2932 posuis,
577 2841 679 2908 multa
690 2841 893 2909 intoleranda
909 2857 1090 2932 patrantem
1108 2868 1117 2908 ι

319 2946 448 3014 Scilicet
460 2946 597 3016 audaces
613 2949 716 3015 multo
730 2949 830 3038 magis
844 2965 941 3039 atque
954 2930 1092 3041 priores,

318 3055 479 3121 Immunes
495 3055 621 3142 animis,
636 3056 740 3123 fantes
754 3055 898 3137 infanda,
918 3055 1082 3146 Gigantes.
1114 3113 1116 3117 .

236 3159 297 3226 125
320 3161 408 3228 Inter
420 3184 503 3251 quos
518 3186 601 3229 unus
615 3162 675 3229 fuit
689 3161 914 3229 observantior
926 3161 1008 3252 mqni

320 3265 403 3347 Noe,
422 3284 518 3335 tenax
533 3267 621 3349 fidei,
641 3269 779 3360 sapiens,
795 3285 829 3335 et
841 3270 939 3335 rebus
952 3268 1096 3335 honmtb

320 3373 496 3460 Addictus3
513 3399 609 3466 quem
625 3375 671 3443 sic
690 3377 778 3442 Deus
792 3392 841 3441 est
855 3374 971 3441 affatus
987 3375 1029 3441 ab
1045 3374 1112 3442 alto
1129 3398 1138 3443 t

366 3481 500 3572 Collige,
516 3486 597 3561 Νοὸ,
614 3498 683 3548 tuas
700 3483 794 3563 vires,
812 3482 1015 3573 populosque
1032 3499 1166 3551 moneto

321 3586 404 3656 Vitas
420 3612 532 3655 omnes
551 3605 677 3656 mutare
690 3589 786 3669 viam,
804 3604 970 3656 serventur
986 3605 1023 3656 ut
1038 3614 1161 3658 omnes.

237 3694 298 3760 ¹30
319 3695 376 3762 Sin
388 3698 510 3765 monita
526 3696 615 3765 haud
631 3713 745 3764 curent
758 3696 861 3787 (tanta
872 3712 921 3774 est
932 3696 1080 3786 insania),
1099 3714 1205 3766 totum

322 3802 513 3894 Disperdam
524 3827 637 3894 genus,
655 3803 763 3870 illuvie
775 3821 935 3893 grassatus
952 3827 1120 3895 aquarum.

322 3911 372 3975 Tu
384 3934 523 4001 propere
538 3911 635 4002 sylvis
647 3911 777 3978 humori
790 3909 943 4002 impervia
956 3910 1043 3979 crede

232 4101 267 4155 its
281 4102 360 4155 bene:
385 4120 429 4156 nos
446 4105 549 4171 ὑσμῖναί
567 4103 599 4166 τ’,
620 4121 650 4156 ex
671 4105 776 4156 llomero
843 4108 898 4157 118.
918 4104 1092 4174 Suspicabatur
1109 4105 1147 4158 vir
1156 4107 1353 4175 quidsmdoctus

232 4178 316 4247 Odyss.
339 4183 363 4239 λ,
378 4183 437 4240 611,
449 4191 474 4232 et
487 4179 602 4240 Hesiodo,
611 4179 702 4248 Thccg.
715 4185 774 4233 228.
808 4181 957 4246 merassas.

232 4254 328 4315 Versus,
350 4265 378 4308 ut
398 4257 463 4324 apud
484 4267 576 4308 veteres
590 4267 682 4324 poetas,
701 4256 736 4308 ita
750 4256 776 4307 in
844 4259 899 4308 121.
916 4257 994 4308 Codd.
1007 4256 1112 4317 ποιήσας
1121 4258 1169 4310 οὐκ
1178 4261 1218 4325 ἀγ.
1235 4261 1273 4311 vel
1281 4262 1353 4323 ποίη·

231 4331 357 4399 Sibyllinis
366 4331 488 4399 frequens,
510 4334 575 4384 unde
595 4348 640 4382 uec
658 4326 718 4382 alias
731 4348 776 4382 no·
807 4349 858 4391 sav,
874 4325 1018 4398 οῐςοὺκάγ.

230 4408 328 4458 tandm.
476 4457 479 4462 ,
844 4411 899 4458 122.
920 4409 996 4458 Codd.
1012 4409 1111 4475 qnidam
1125 4411 1187 4470 Θιός
1199 4411 1323 4467 omittunt.

267 4483 323 4533 tls.
342 4482 378 4535 Ex
396 4483 517 4546 Homero,
532 4485 618 4553 odyss.
634 4484 682 4536 loc.
702 4496 775 4551 snpra
843 4487 897 4534 121.
917 4483 1078 4544 ct.11,2at.

231 4555 291 4610 dict.
304 4556 605 4614 umllwocsmutau.
843 4561 898 4608 132.
917 4558 969 4608 cn.
982 4559 1054 4621 inlra,
1070 4565 1127 4622 185,
1141 4562 1221 4624 still,
1235 4569 1293 4618 ⁴08.
