3186 5310
239 423 298 482 35⁴
739 412 856 473 NOTAE

236 553 349 620 quamde
361 547 532 600 Macedonibus
542 562 590 596 uno
602 562 671 596 versu
680 554 782 597 conten·
809 543 936 593 abeodem
947 553 1030 611 postea
1044 563 1098 614 tege
1109 564 1185 614 quum
1196 549 1224 601 in
1236 546 1355 617 AEzypto,

237 631 277 689 tis,
292 625 430 678 meminerit
441 624 466 673 id
474 622 534 673 alibi
542 638 639 688 quoque
650 621 676 672 in
686 620 786 687 Sibylli·
809 629 861 669 tum
870 619 896 669 in
904 619 986 670 Judaea
999 623 1080 687 gestis.
1091 624 1356 691 Magisidl'oretinere·

235 705 274 755 nis
282 701 405 754 obseruari
415 718 420 750 :
430 700 493 749 sicut
502 715 584 765 supra,
595 700 652 755 ttt,
660 705 782 762 sqq.,tres
808 693 896 752 dibile,
910 696 940 756 si,
954 696 1068 748 suadente
1079 699 1187 760 Enaldo,
1201 699 1293 768 scripta
1303 699 1356 750 trec

236 790 333 833 tantum
348 792 430 828 versus
443 773 615 826 Macedonibus
626 772 780 832 tribuuntur,
808 779 956 835 putarentur
966 787 1030 822 anno
1045 776 1101 834 124,
1115 774 1217 827 dimidio
1231 785 1288 843 post
1296 775 1355 843 rpi-

235 855 322 922 riginti
330 852 418 902 deinde
426 851 549 909 Romanis;
560 850 643 911 immo,
656 847 709 908 vll,
723 848 779 905 109,
808 843 895 911 phanis
906 847 1010 897 reditum
1022 850 1119 909 secuto,
1133 868 1209 918 quum
1224 866 1297 902 nemo
1305 853 1355 919 jam

235 928 419 983 Macedonicum
432 925 562 992 imperium
572 941 622 975 uno
633 923 709 974 verbo
717 922 782 971 deai-
808 919 859 969 lere
871 924 1042 974 recordaretur
1054 942 1114 976 num
1128 927 1175 978 isto
1191 929 1275 981 Romae
1288 927 1356 978 obses

235 1015 458 1073 guntur,tanquam
466 1001 592 1052 satiseisit
601 999 684 1050 decori
691 997 781 1048 liuma-
808 1011 916 1061 unquam
929 997 1013 1050 luisset
1023 1001 1062 1050 vel
1072 1004 1195 1068 quomodo
1207 1020 1237 1054 ex
1250 1003 1292 1053 illa
1302 1020 1356 1054 cus·

235 1099 293 1133 nam
307 1081 431 1131 civitatem
444 1076 600 1145 praecessisse,
621 1092 676 1141 quac
693 1073 781 1124 deinde
807 1071 874 1121 todia
883 1072 1003 1125 evasisset.

233 1175 276 1209 sex
305 1155 465 1222 compellatur
491 1153 608 1202 versibus.
633 1149 697 1211 Quid
724 1149 781 1198 inde
840 1151 898 1199 888.
918 1151 1051 1216 Πορφυρέη
1061 1153 1141 1215 idon,
1151 1153 1172 1204 si
1182 1154 1280 1219 vulgato
1291 1157 1355 1222 apud

234 1233 348 1301 colligas,
378 1230 425 1280 nisi
452 1230 575 1295 lapsorum
589 1237 614 1278 et
636 1227 781 1276 miserorum
807 1233 973 1289 poetassensu
990 1224 1020 1276 de
1042 1228 1128 1292 quavis
1147 1245 1273 1296 purpurea
1289 1241 1356 1280 reste

233 1308 369 1377 precariam
388 1321 439 1355 esse
456 1303 617 1371 memoriam?
629 1303 662 1352 ht
675 1301 781 1351 latemur
807 1309 924 1360 sumatur,
941 1300 1053 1351 omnibus
1069 1304 1184 1354 convenit
1200 1305 1298 1369 regibus
1311 1315 1356 1356 aut

232 1385 369 1453 graviorem
385 1380 445 1431 oriri
463 1379 653 1430 controversiam
666 1394 697 1428 ex
708 1393 780 1427 versu
806 1374 898 1439 regium
919 1377 1013 1426 cultum
1030 1376 1210 1430 affectantibus.
1226 1379 1256 1430 ln
1274 1379 1355 1448 Sibyl·

233 1465 293 1520 884,
308 1475 358 1525 quo
371 1455 481 1523 Babylon
493 1454 655 1504 submittenda
667 1452 780 1519 predici-
805 1449 863 1499 linis
875 1459 957 1501 autem
975 1453 1124 1503 carminibus
1142 1454 1240 1505 videtur
1257 1456 1355 1523 speciali
1369 1449 1389 1481 ‘

232 1547 276 1587 tur
288 1531 472 1590 Macedonibus,
492 1530 513 1580 si
529 1529 628 1578 Ewaldo
640 1529 714 1586 fides:
730 1527 780 1579 Ro·
806 1540 851 1575 usu
872 1526 1020 1578 laticlavium
1040 1529 1166 1594 designare
1189 1529 1355 1583 Romanorum

231 1611 319 1670 manis,
335 1609 406 1675 juxta
421 1622 474 1656 nos.
490 1605 540 1655 Nec
552 1604 637 1654 dehoc
654 1618 780 1670 possumus
806 1600 994 1667 imperatorum,
1009 1619 1088 1670 neque
1101 1605 1150 1655 alio
1164 1604 1300 1671 significatu
1318 1623 1355 1657 re·

231 1679 641 1745 Ewaldolitemmorere,quisolas
649 1677 780 1729 Alexandri
806 1676 843 1726 dit
864 1677 890 1725 in
903 1678 996 1729 ultimis
1009 1680 1145 1746 presertim
1165 1681 1245 1739 libris,
1263 1691 1291 1732 ut
1311 1681 1353 1741 Xl,

230 1756 497 1828 Maguirosinanimo
513 1754 659 1817 luhet3sed
678 1770 723 1804 nec
739 1754 781 1804 ille
807 1753 866 1810 216,
881 1761 907 1802 et
925 1752 978 1812 llll,
994 1758 1036 1818 88,
1050 1765 1076 1805 et
1102 1755 1170 1814 lllll,
1190 1759 1249 1820 2⁴5,
1265 1756 1355 1823 ubique

231 1837 312 1897 nobis,
326 1835 370 1901 qui
389 1834 441 1884 hanc
470 1831 561 1898 scripta
582 1839 696 1898 putamus
725 1839 780 1896 post
806 1827 836 1877 de
853 1827 961 1878 Cesarea
984 1839 1050 1880 reste
1069 1840 1207 1898 usurpatus,
1228 1833 1279 1882 sire
1297 1848 1352 1883 cum

229 1912 327 1979 Trajaui
340 1909 463 1960 victorias.
484 1907 573 1965 Etiam,
586 1905 652 1972 quod
663 1905 718 1970 quis
729 1905 780 1955 lor·
805 1919 920 1970 purpurea
928 1904 1063 1964 mentione,
1072 1905 1123 1956 sire
1132 1907 1221 1957 omisso
1229 1907 1352 1958 interdum

230 1988 622 2053 unobstupescat,nemotamen
635 1991 720 2047 neget,
733 1980 779 2031 suh
804 1979 926 2044 adjectivo
945 1978 1056 2031 absolute
1073 1983 1153 2041 λώτιη.
1174 1981 1246 2043 Qrsod
1264 1983 1353 2034 clarius

229 2064 328 2115 Tiberio
348 2060 465 2112 domitam
486 2075 501 2108 a
521 2056 639 2108 Romanis
655 2056 780 2123 Babylona
805 2070 946 2120 expressum
958 2056 1065 2121 reperias
1082 2057 1146 2107 libro
1159 2057 1226 2118 vltt,
1243 2061 1283 2117 78,
1299 2075 1351 2124 aq.:

231 2140 362 2207 Sibyllistar
379 2153 430 2187 non
442 2134 558 2185 unoloco
578 2133 715 2192 affirmant,
730 2149 779 2199 qua
806 2130 857 2180 Kal
868 2129 926 2180 τότε
936 2133 1064 2190 πενθήσεις
1077 2133 1286 2201 πλατυπὸρφυρον
1300 2137 1354 2199 ἡγι-

231 2217 262 2267 de
271 2231 299 2267 rs
310 2214 366 2264 ride
378 2221 431 2263 not.
441 2211 473 2261 ad
482 2210 512 2268 V,
526 2211 568 2260 28.
1255 2220 1352 2283 ympno

264 2294 328 2353 888,
344 2306 398 2356 sqq.
422 2287 486 2338 llinc
499 2283 587 2352 incipit
605 2284 780 2335 celeberrimui
806 2291 866 2346 Φῶς
877 2290 1042 2354 inducendam,
1056 2309 1080 2342 κ.
1098 2309 1121 2340 τ.
1135 2293 1158 2341 l.

231 2365 460 2429 obscurissimusque
469 2362 545 2420 locut,
568 2376 674 2426 quonam
685 2361 717 2410 do
726 2361 780 2410 vim
807 2365 869 2414 Nam
882 2366 906 2415 id
918 2376 1002 2432 aperte
1012 2367 1127 2417 adlatum
1136 2367 1232 2418 clarum
1240 2367 1351 2420 refertur.

230 2443 334 2509 scriptus
350 2451 394 2491 aut
409 2437 538 2504 dequibus
550 2438 602 2503 ejus
613 2436 691 2496 lactis,
702 2435 780 2485 ambi·
806 2440 841 2491 Ea
850 2440 1078 2509 cultussimplieitaa
1089 2458 1119 2491 ex
1128 2442 1235 2508 antiquis
1244 2443 1352 2494 moribus

229 2514 475 2586 giturzdehntiocho
483 2511 645 2579 Epiphaneae
654 2513 685 2561 de
695 2512 780 2561 Seleu·
805 2526 969 2577 remanseran
983 2532 1029 2566 nec
1047 2517 1093 2568 nisi
1107 2517 1185 2567 scrius
1200 2517 1351 2585 chlmydem

229 2593 301 2656 aidis,
312 2593 381 2658 juxta
392 2591 452 2641 clar.
470 2587 611 2646 Enaldum
630 2588 660 2637 de
678 2587 780 2637 lladn'a·
805 2601 883 2642 totam
892 2608 922 2642 ex
938 2608 1047 2659 purpura
1060 2602 1199 2644 contextam
1210 2609 1294 2660 gerere
1305 2611 1352 2646 eoe·

231 2686 264 2719 no
271 2668 339 2719 aede
348 2665 488 2721 Antoninis,
495 2664 628 2729 justanos3
639 2664 669 2713 de
676 2663 781 2712 Alexan·
806 2677 895 2734 perunt
904 2668 1077 2734 imperatores,
1087 2667 1127 2718 cui
1139 2685 1245 2735 gemmas
1255 2679 1280 2720 et
1289 2686 1353 2720 mar·

231 2747 277 2796 dro
295 2761 324 2795 ac
341 2743 372 2794 de
388 2740 539 2799 Ptolemaeis,
563 2740 633 2805 juxta
656 2749 781 2789 auctorem
807 2742 894 2808 garitas
901 2742 994 2808 primus
1003 2742 1098 2793 addidit
1106 2743 1281 2810 Diocletianus,
1293 2755 1353 2797 teste

230 2820 290 2872 libri
307 2817 356 2878 xl,
377 2820 436 2874 224,
456 2831 528 2881 sqq.;
554 2818 613 2877 24³,
634 2816 779 2880 sqq.;2b0‚
807 2817 913 2868 Cassiod.
930 2817 1059 2870 inChron.

231 2910 287 2961 sqq.
308 2892 355 2943 llic
378 2891 445 2940 enim
462 2887 533 2955 quasi
556 2888 642 2938 tertius
662 2889 782 2955 interpres
842 2896 899 2944 391.
918 2894 987 2944 llanc
1003 2896 1060 2944 dum
1077 2894 1179 2945 fulmine
1192 2896 1355 2962 comparatio·

233 2969 260 3018 in
288 2966 394 3018 medium
420 2966 546 3032 procedit,
572 2965 614 3015 sed
636 2964 677 3014 rix
701 2964 780 3023 serio,
807 2984 864 3018 nem
878 2968 1196 3036 poeticcessesumendam,
1211 2987 1292 3037 neque
1305 2972 1356 3022 ullo

233 3044 326 3111 quippe
338 3042 380 3108 qui
394 3042 425 3091 de
441 3040 522 3091 verbis
536 3041 561 3091 in
577 3056 648 3091 suum
660 3057 731 3090 usum
743 3039 782 3090 di·
807 3043 923 3094 modoad
937 3060 1015 3094 unum
1032 3061 1062 3095 ex
1079 3044 1194 3096 Antiochi
1212 3047 1355 3112 majoribus,

234 3118 357 3170 vertendis
375 3118 457 3183 magis.
467 3127 538 3167 curat
556 3133 631 3182 quam
658 3117 688 3165 de
709 3114 783 3165 rebus
808 3120 938 3169 Seleucum
951 3136 1039 3187 nempe
1052 3120 1313 3187 Ceraunum,juheute
1326 3121 1356 3171 li·

233 3197 371 3247 adrerum
389 3192 535 3259 redigendis.
561 3192 693 3259 Opiniones
710 3190 783 3258 igitur
808 3205 847 3246 cet
855 3196 1072 3258 Eualdosslissert.
1083 3213 1136 3263 pag.
1149 3196 1356 3261 ldlmierenM,

234 3272 288 3322 dure
302 3271 358 3321 solra
371 3279 501 3336 supersunt
513 3278 598 3319 nostro
615 3268 709 3333 judicio
729 3284 783 3333 gra·
808 3271 927 3321 innostra
941 3270 1087 3322 Prelatione
1100 3272 1254 3322 observatum
1268 3283 1314 3323 eat.

233 3363 283 3411 ves,
297 3345 421 3396 Ewaldiet
431 3355 514 3394 nostra
527 3343 715 3407 (namvirorum
724 3344 783 3393 doc·
843 3349 891 3397 898
909 3346 957 3396 Pro
969 3348 1115 3410 πανάῑστον,
1128 3364 1183 3413 quae
1192 3364 1288 3415 semper
1304 3350 1358 3398 vul·

233 3432 316 3474 torum
335 3421 412 3472 Reuss
431 3429 457 3470 et
475 3419 609 3486 llilgenleld
632 3421 781 3478 omittendo,
808 3432 862 3490 gata
872 3422 917 3473 tuit
929 3423 1058 3490 scriptura,
1072 3423 1145 3474 aliam
1153 3423 1308 3474 doctissimus
1320 3423 1359 3474 rir

232 3514 344 3564 magnam
353 3503 448 3563 partem
464 3512 495 3546 ex
509 3495 606 3545 uwatdo
620 3497 780 3563 desumpte):
808 3499 963 3566 amplectitur
976 3497 1091 3562 (nissen.
1107 3515 1132 3566 p.
1144 3502 1185 3561 ta,
1197 3501 1275 3563 noe),
1288 3499 1358 3549 mdi-

235 3571 784 3641 quasambasaententiasdiligentenutpotui·
808 3574 843 3625 cis
870 3590 958 3641 nempe
977 3574 1050 3623 unius
1076 3574 1205 3624 barbaram
1226 3575 1359 3625 lectionem

235 3667 299 3710 mus,
312 3650 377 3700 inter
389 3664 414 3698 se
425 3648 535 3708 collatas,
545 3647 643 3713 suisque
651 3657 734 3697 auctas
743 3664 782 3696 ar·
808 3651 968 3709 castellatos,
976 3649 1007 3698 de
1015 3665 1095 3712 seusu,
1104 3665 1177 3715 quem
1188 3665 1278 3700 norum
1289 3666 1360 3700 noras

233 3726 371 3790 gumentis,
388 3722 476 3773 viderit
489 3723 566 3773 lector
585 3723 634 3772 sire
652 3724 678 3771 in
699 3733 782 3772 nostro
808 3726 862 3775 roci
876 3725 978 3790 affingit,
994 3724 1069 3791 magis
1082 3741 1157 3790 quam
1172 3724 1203 3774 de
1214 3724 1298 3791 lingua
1316 3735 1360 3776 aut

234 3800 293 3851 Ere.
310 3799 341 3862 V,
349 3800 399 3849 sive
410 3798 435 3848 in
448 3799 519 3864 hujus
527 3799 576 3848 rol.
588 3797 739 3849 Prmlatione.
809 3802 839 3851 de
848 3811 927 3851 metro
941 3799 1068 3849 sollicitus.

270 3877 328 3925 888.
346 3873 382 3933 Si,
394 3874 461 3939 quod
474 3874 526 3923 vult
536 3873 683 3923 clarissimus
704 3873 782 3922 Ewal-
843 3880 900 3929 397.
921 3876 1009 3925 Decem
1023 3891 1114 3924 cornua
1127 3873 1153 3924 in
1166 3874 1213 3924 hoe
1223 3890 1296 3925 rersu
1308 3892 1360 3927 mc·

237 3950 295 4008 dus,
317 3949 436 3998 adrentus
455 3949 496 3998 ille
516 3947 602 3998 nelarii
620 3948 726 3998 hominis
750 3949 782 3998 ad
808 3959 902 4000 morata
915 3964 1024 4015 sperares
1035 3948 1128 4012 aliquid
1146 3947 1362 4014 allerrcpossead

234 4024 384 4076 Antiochum
406 4023 560 4089 Epiphanem
581 4023 722 4073 referendus
745 4032 782 4073 est
808 4026 880 4090 hujus
893 4024 942 4074 loci
954 4024 1200 4090 interpretationem:
1216 4023 1280 4074 nihil
1291 4041 1363 4089 vero,

233 4102 298 4152 clam
311 4117 326 4150 e
338 4099 447 4149 Romano
456 4099 571 4165 hospitio,
582 4099 632 4148 sire
645 4099 700 4165 quis
714 4100 782 4149 malit
808 4101 866 4167 quia
881 4101 982 4150 dirersis
993 4099 1092 4149 omnino
1104 4099 1182 4148 modis
1192 4098 1362 4167 accipiuntur,
1385 4115 1390 4124 ·

232 4179 328 4240 exsilio,
342 4176 368 4226 in
378 4177 470 4239 Asiam,
483 4177 507 4225 id
519 4185 565 4235 est,
579 4176 606 4225 in
617 4175 728 4243 Syriam,
742 4192 783 4226 re·
808 4177 919 4242 quamvis
935 4192 965 4226 ex
979 4176 1064 4225 eodem
1080 4175 1189 4224 derivata
1208 4175 1292 4238 fonte,
1310 4179 1364 4226 sire

231 4270 306 4320 gnum
315 4268 396 4308 suum,
405 4251 621 4301 redeuntemanno
631 4254 688 4314 lli,
697 4251 784 4302 mirari
807 4253 873 4318 apud
886 4251 1008 4301 Danielem
1022 4250 1175 4317 prophetam,
1185 4267 1240 4317 cap.
1255 4253 1280 4312 l,
1290 4267 1316 4301 r.
1334 4255 1360 4311 l,

231 4329 302 4378 nobis
318 4327 419 4376 sortasse
433 4326 491 4375 lieet
504 4327 628 4390 quomodo
641 4335 691 4375 tam
704 4328 783 4391 gravis
809 4343 862 4393 sqq.
872 4337 897 4378 et
907 4330 948 4388 ld,
957 4343 1003 4392 sq.‚
1019 4327 1050 4375 de
1060 4326 1143 4376 decem
1153 4326 1229 4394 Syrias
1243 4326 1363 4392 regibus3

233 4413 332 4468 tamque
341 4402 454 4453 solemnis
462 4401 554 4450 mentio
561 4402 614 4467 ejus
623 4400 658 4449 rei
668 4402 782 4467 hatapud
808 4402 858 4453 sive
866 4403 891 4452 in
900 4402 1057 4468 Apocalypsi,
1065 4418 1119 4467 cap.
1133 4404 1173 4462 ll,
1184 4418 1208 4451 v.
1220 4404 1244 4461 l,
1253 4417 1322 4468 sqq.,
1332 4403 1365 4454 de

234 4478 358 4539 Nostrum,
375 4476 437 4528 nihil
456 4477 506 4527 lere
523 4475 646 4527 dicturum
661 4475 692 4524 de
708 4477 781 4529 rebus
808 4480 892 4530 decem
906 4487 962 4543 post
975 4477 1096 4526 Neronem
1111 4477 1301 4543 imperatoribus
1316 4477 1367 4529 Ro·
