3186 5310
481 431 769 498 SlBYLLlNORUM
790 432 862 495 LlB.
886 434 922 495 V.
1210 429 1263 492 191

234 567 306 629 Huc
325 565 421 653 agite,
441 582 473 630 et
485 589 593 632 veram
605 567 746 657 supremi
760 567 909 633 Numinis
921 568 1021 633 aedem

232 674 405 749 Ponamus,
422 672 519 750 dicet,
533 677 693 760 majorum
705 697 797 739 more
809 674 932 756 relicto,

231 779 329 843 Saxea
345 779 400 868 qui
414 782 578 868 quondam
589 798 645 846 aut
660 798 797 848 testacea
810 782 899 870 signa
918 782 1086 864 colebant,

143 884 206 968 495
231 883 459 973 Fictilibusque
474 886 541 951 deis
554 912 690 978 pompas
707 905 739 953 et
752 912 840 953 sacra
858 889 1016 953 ferebant.

232 991 401 1058 Conversis
413 992 527 1058 animis
538 1018 623 1059 nunc
640 995 821 1060 immortale
835 1019 1006 1085 precemur

233 1097 423 1186 Caelipotens
434 1100 574 1181 Numen,
588 1125 761 1190 rerumque
773 1101 1003 1190 bominumque
1016 1115 1197 1190 parentem,

232 1203 345 1267 Omnia
360 1203 415 1292 qui
430 1222 510 1269 nutu
522 1207 604 1295 regit
617 1223 650 1271 et
661 1230 756 1295 super
767 1207 874 1272 omnia
886 1224 1010 1296 regnat,

230 1310 346 1373 Omnia
362 1310 435 1375 fecit
451 1310 582 1399 alitque,
599 1336 680 1377 unus
697 1331 787 1401 pater
799 1330 831 1377 et
843 1315 930 1378 Deus
944 1336 1039 1377 unus.

143 1413 207 1478 500
231 1417 322 1479 Tunc
336 1415 447 1504 ingens
461 1417 575 1483 mediis
586 1419 719 1508 AEgypti
734 1420 890 1484 tractibus
906 1419 989 1484 aedes

231 1522 369 1610 Surget:
388 1547 427 1587 eo
445 1524 584 1612 populus
598 1550 675 1590 vero
688 1527 729 1590 de
740 1526 879 1591 Numine
897 1544 1003 1591 cretus

229 1628 324 1693 Sacra
337 1627 417 1694 seret
432 1658 439 1694 :
455 1630 553 1695 vitam
570 1630 659 1696 dabit
672 1631 722 1697 his
734 1635 820 1698 Deus
835 1633 1067 1722 incorruptam.

276 1735 339 1800 Sed
352 1759 464 1824 quum,
482 1737 628 1818 desertis,
647 1737 772 1829 impura
791 1757 896 1828 gente,
911 1738 1074 1818 Triballis,

229 1841 397 1930 AEtbiopes
408 1841 533 1907 venient
544 1844 685 1934 AEgypto
700 1845 877 1934 impingere
892 1862 1045 1922 aratrum,

142 1947 205 2014 505
230 1948 271 2012 lli
288 1948 410 2013 cladem
425 1948 593 2038 incipient;
613 1950 695 2015 mala
713 1951 829 2016 deiude
843 1968 984 2015 extrema
1000 1968 1189 2039 sequentur,

231 2055 361 2145 AEgypti
374 2079 522 2143 magnam
536 2057 678 2120 eruerint
691 2080 791 2145 quum
803 2040 945 2121 funditus
960 2057 1073 2123 aedem.

232 2161 315 2223 Nam
331 2162 414 2224 Deus
426 2161 458 2224 in
474 2179 573 2226 terras
589 2162 760 2226 immanem
779 2163 907 2252 depluet
924 2162 1017 2245 iram,

232 2269 277 2330 Ut
291 2266 396 2331 cuncti
411 2284 607 2356 pereantque
625 2269 712 2346 mali,
729 2286 921 2357 pereantque
934 2269 1084 2334 nefandi:

233 2373 300 2437 Nee
317 2371 466 2460 cuiquam
486 2373 636 2463 deinceps
649 2390 732 2438 terra
750 2391 898 2462 parcetur
912 2376 943 2438 in
957 2373 1023 2457 illa,

145 2481 208 2546 510
231 2481 321 2544 Jussa
340 2479 423 2567 quod
443 2479 551 2543 aeterni
571 2479 654 2544 male
672 2505 839 2545 servavere
857 2482 1012 2546 Parentis.

277 2585 359 2650 Solis
379 2585 411 2649 in
431 2604 514 2650 astra
534 2587 634 2649 minas
648 2586 713 2650 vidi
727 2586 897 2675 flagrantis,
912 2604 944 2651 et
960 2588 1039 2651 iram

231 2692 381 2758 Ardentis
398 2695 495 2757 Lunae
513 2694 599 2757 rutili
621 2717 678 2784 per
698 2694 823 2784 fulgura
842 2695 921 2758 caeli.

232 2799 341 2865 Sidera
357 2799 536 2889 parturiunt
552 2792 707 2890 pugnain3
730 2797 766 2865 fit
782 2824 898 2890 magna
914 2801 1042 2867 volente

229 2908 338 2993 Pugna
353 2909 433 2971 Deo.
453 2906 611 2972 Ardentes
629 2906 765 2971 llammae
779 2932 839 2997 pro
860 2907 980 2972 lumine
1000 2908 1083 2972 Solis

143 3011 205 3079 515
231 3012 340 3076 Praelia
359 3011 524 3077 discordes
535 3013 668 3100 agitant.
684 3016 721 3077 lu
733 3031 827 3102 terga.
840 3014 953 3078 Leonis

229 3117 354 3182 Lucifer
372 3117 490 3182 insiliit.
508 3118 645 3183 Mutavit
664 3118 755 3185 Luna
770 3118 912 3183 bicornis

230 3223 378 3312 Effigiem
393 3223 483 3291 disci.
500 3223 713 3312 Capricornus
728 3224 821 3288 fortia
835 3224 933 3288 Tauri

229 3330 318 3395 Colla
335 3330 443 3394 furens
456 3329 522 3394 ictu
540 3331 641 3418 petiit,
663 3330 713 3395 cui
728 3333 853 3395 Taurus
866 3333 985 3397 ademit

229 3439 324 3526 Spem
340 3436 471 3501 reditus·
489 3434 618 3501 Libram
634 3438 735 3502 Orion
748 3438 883 3502 statione
897 3439 1034 3503 removit
1047 3466 1055 3514 ;

143 3541 205 3609 520
229 3547 311 3608 Cum
327 3543 470 3608 Geminis
483 3560 589 3633 partes
608 3544 741 3609 mutavit
759 3546 790 3609 in
803 3545 909 3611 Ariete
921 3545 1021 3634 Virgo
1033 3573 1041 3622 ς

231 3647 362 3713 Delituit
380 3648 501 3725 Pleias;
521 3651 643 3713 Zonam
663 3649 748 3714 ferus
767 3651 879 3714 abnuit
898 3650 1036 3738 Anguis;

140 3814 282 3879 dejecerint,
293 3814 378 3866 ultimi
391 3814 510 3882 pernicies
523 3815 581 3881 ipsis
592 3815 707 3882 primurn,
719 3816 806 3867 deinde
818 3817 904 3866 ceteris
912 3816 986 3866 etism
995 3815 1092 3882 populis
1103 3814 1263 3881 omnibusque

140 3891 268 3967 perversis,
280 3900 322 3950 sed
335 3900 372 3949 illi
380 3901 502 3968 precipue
514 3908 584 3950 terre
596 3898 717 3968 [Egypto
726 3900 838 3951 videlicet
846 3903 865 3967 1,
879 3912 963 3967 parata
977 3905 1021 3962 est,
1037 3900 1168 3967 impietatis
1181 3917 1261 3952 ceum.

142 4012 174 4021 —
189 3986 248 4044 511,
261 4000 315 4050 sqq.
332 3983 424 4034 Rursus
436 3985 477 4049 [ut
490 4000 573 4049 supra,
588 3987 646 4042 206,
659 3984 845 4050 sqq.]im1nanis
865 3995 986 4035 astrorum
1004 3984 1131 4035 conflictus
1144 3985 1263 4036 describi·

142 4075 191 4127 tur,
206 4067 295 4133 quibus
311 4068 342 4119 de
361 4068 419 4118 caelo
436 4067 577 4118 cadentibus
597 4067 663 4118 orbis
677 4076 742 4118 totus
756 4068 869 4118 incendio
883 4067 981 4136 peribit.

176 4216 233 4266 sot.
253 4214 329 4266 Godd.
339 4216 446 4270 αῑθίοπις
458 4213 557 4278 μείνωσ’
566 4210 685 4278 dimersos
718 4214 832 4264 suadente
845 4230 966 4280 anonymo
986 4211 1092 4277 quodam
1104 4212 1157 4261 riro
1174 4212 1263 4261 docto?

144 4290 185 4349 Ιήν
199 4307 226 4340 τι
240 4290 361 4359 ὰροῦσθαι
373 4307 380 4342 z
393 4307 437 4340 nos
449 4307 514 4341 corr.
754 4293 810 4341 5111.
831 4289 904 4338 Codd.
914 4291 1019 4354 δίκιρος,
1028 4288 1140 4337 etstatiru
1151 4287 1265 4346 ἠλλάξατ’

113 4387 118 4400 =
179 4368 236 4424 stt,
249 4382 303 4432 sqq.
318 4365 408 4416 Confer
417 4382 499 4432 supra,
514 4368 572 4426 211,
583 4381 636 4431 sqq.
720 4366 785 4422 tnta
795 4381 802 4414 ε
812 4374 943 4428 utrumque
953 4379 995 4412 nos
1004 4379 1080 4420 corn,
1088 4362 1132 4410 etsi
1141 4378 1191 4411 uon
1201 4359 1264 4411 obli·

179 4442 237 4492 513.
256 4440 334 4492 codd.
350 4441 405 4506 μάλ’
419 4436 460 4503 ἦν,
476 4440 518 4490 ubi
534 4439 613 4507 μάχην
629 4439 687 4506 Ops.
720 4438 888 4506 tiprioremiu
902 4438 953 4495 ἴτυς
966 4438 1030 4488 male
1043 4435 1156 4504 produci.

145 4514 237 4567 sGsst.
247 4517 312 4582 conj.
327 4516 366 4568 Au
374 4532 432 4567 sero
440 4515 522 4582 potius
529 4511 590 4583 ἦρχε
599 4515 687 4581 μάχης,
755 4517 813 4565 stt.
832 4514 960 4579 Νὸστιμον
974 4509 1042 4580 ἦμαρ
1053 4528 1060 4563 z
1071 4511 1208 4578 cinsuprs,
1221 4515 1263 4564 st.
