3186 5310
576 456 628 517 AD
648 454 860 519 statutus.
987 467 989 471 ‘
1230 462 1279 512 m

213 595 243 652 ι·
258 587 367 653 Codex
381 587 579 654 Hardtianus
599 590 664 654 slve
683 589 896 670 Monacensis,
922 613 960 654 ex
985 588 1112 655 Hardtii
1132 585 1278 679 catalogo

161 694 301 786 primum
314 696 404 761 nosci
421 711 541 786 coeptus
557 695 703 779 eruditis,
720 695 754 762 in
767 696 964 773 bibliotheca
989 696 1074 788 regia
1092 692 1278 762 Monacensi

161 818 352 868 asservatus.
370 804 401 867 Is
413 826 622 893 papyraceus,
639 803 743 868 forma
757 821 922 894 compacta
934 821 967 869 et
981 802 1107 893 exigua,
1123 800 1279 893 scriptura

160 932 225 975 non
237 911 336 994 bona,
352 926 499 975 exaratus
510 927 560 976 est
572 934 590 976 a
601 909 759 976 Michaele
773 913 903 977 Rosaeto
917 909 1047 976 librario
1058 909 1281 976 GraecoCoro·

160 1017 263 1103 nensi,
279 1040 400 1084 anuum
414 1034 549 1084 testante
570 1016 665 1098 1541.
690 1017 828 1083 Exhibet
843 1017 943 1083 libros
960 1018 1005 1083 IV
1022 1034 1055 1082 et
1071 1019 1116 1082 VI
1138 1017 1281 1108 integros

159 1147 233 1190 cum
247 1124 364 1212 octavi,
380 1133 395 1207 5
417 1148 449 1208 2,
465 1141 556 1216 parte
580 1148 644 1190 non
669 1123 810 1208 modica,
825 1124 978 1215 quodque
997 1123 1194 1215 proecipuum
1211 1125 1279 1210 ejus

160 1249 210 1297 est
223 1256 351 1312 munus,
368 1232 468 1299 libros
484 1232 626 1323 integros
643 1232 703 1314 XI,
727 1232 803 1309 XII,
820 1233 912 1314 XIII,
928 1232 1017 1311 XIV,
1038 1231 1171 1298 collatus
1188 1254 1207 1296 a
1228 1238 1279 1295 me

163 1340 326 1430 quondam
342 1356 375 1406 et
388 1364 407 1406 a
422 1339 491 1406 viro
506 1339 693 1406 doctissimo
712 1340 905 1408 Friedliebio
921 1341 990 1429 lu);

206 1454 241 1509 2⁰
254 1447 361 1511 Codex
374 1432 624 1514 Mediolanensis
638 1471 693 1513 seu
707 1447 912 1514 bibliothecae
926 1448 1159 1531 Ambrosianus,
1175 1444 1285 1538 publi-

161 1569 250 1619 catus
261 1554 402 1644 primum
415 1557 456 1620 ab
471 1555 593 1644 Angelo
608 1554 707 1643 Maio,
721 1555 896 1622 Mediolani
913 1555 1009 1644 1817,
1024 1554 1192 1622 includens
1204 1575 1282 1618 vero

162 1661 316 1727 duntaxat
329 1662 449 1729 librum
464 1663 554 1751 XIV,
568 1687 643 1729 cum
655 1663 740 1729 libro
763 1665 808 1728 VI
824 1662 1014 1729 brevissimo
1038 1679 1071 1729 et
1094 1660 1168 1728 libri
1188 1660 1280 1739 VIII,

163 1777 178 1851 5
197 1793 229 1853 a,
245 1768 352 1858 aliqua
366 1787 457 1861 parte
473 1771 549 1858 (llI);

210 1875 245 1941 3⁰
259 1894 292 1941 et
307 1884 352 1956 4⁰.
370 1876 504 1943 Codices
520 1876 664 1943 Vaticani
678 1878 757 1963 duo,
778 1877 818 1943 ita
833 1877 917 1943 inter
931 1901 964 1943 se
978 1876 1097 1943 similes
1122 1893 1160 1941 ut
1173 1892 1287 1968 aperte

164 1984 301 2051 alterum
318 2008 357 2049 ex
376 1985 476 2050 altero
498 1987 693 2076 descriptum
717 1985 813 2052 fuisse
834 2009 965 2051 necesse
989 1985 1042 2063 sit,
1061 1986 1158 2050 ambo
1181 1982 1286 2050 conti-

166 2108 276 2157 nentes
292 2091 393 2156 libros
406 2108 546 2181 quatuor
560 2092 701 2171 ultimos,
719 2093 900 2176 XI-XIV,
917 2093 958 2156 ab
973 2090 1096 2180 Angelo
1118 2089 1212 2156 Maio
1231 2113 1287 2156 re·

166 2198 249 2287 perti
263 2214 297 2261 et
309 2196 386 2261 editi
402 2220 488 2263 nnnc
506 2199 590 2265 1828
607 2199 662 2287 (V,
686 2223 695 2262 1
713 2214 747 2262 et
761 2198 802 2280 V,
819 2199 864 2286 2).

213 2303 255 2366 Hi
268 2301 790 2391 suntundecimcodicesmajores,
801 2304 861 2369 soli
871 2301 978 2368 ferein
988 2324 1122 2368 numero
1131 2300 1286 2369 habendi.
1325 2288 1326 2292 Ἰ

169 2410 251 2475 Nam
270 2409 448 2497 fragmenta
472 2411 618 2500 quaedam
641 2410 796 2503 Sibyllina
823 2411 1052 2502 manuscripta,
1071 2435 1142 2500 quae
1169 2408 1288 2501 passim

170 2514 253 2580 inter
267 2514 538 2582 bibliothecarum
546 2516 732 2608 quisquilias
744 2517 961 2602 inveniuntur,
973 2517 1082 2583 brevia
1095 2518 1145 2583 illa
1157 2514 1290 2608 quidem

168 2638 201 2688 et
213 2644 319 2713 parvae
334 2622 447 2711 frugis,
462 2621 521 2688 etsi
533 2622 599 2705 suis
614 2623 706 2703 locis,
726 2624 781 2689 ubi
798 2625 875 2715 quid
892 2624 1016 2714 proprii
1031 2622 1207 2706 habebant,
1228 2622 1289 2688 mi·

172 2728 257 2794 nime
266 2728 403 2817 neglexi,
416 2732 562 2795 consulto
573 2745 680 2797 tamen
694 2731 746 2797 hic
757 2731 1030 2823 praetermittenda
1040 2731 1136 2797 duco.
1150 2731 1291 2818 Majores

171 2835 311 2920 codices,
329 2859 384 2902 sen
402 2852 466 2902 tres
480 2836 584 2927 potius
605 2862 682 2927 quas
701 2863 814 2904 eorum
829 2837 958 2903 distinxi
973 2839 1098 2919 classes,
1121 2855 1158 2903 ut
1173 2861 1291 2926 cogna-

171 2941 258 3008 tione
272 2943 445 3032 proximas,
471 2946 516 3010 ita
536 2943 641 3008 forma
656 2944 837 3009 consimiles
858 2966 927 3009 esse
947 2943 1029 3027 dixi3
1047 2944 1103 3008 ubi
1122 2942 1290 3026 differunt,

172 3049 292 3114 lactum
322 3049 385 3115 hoo
417 3049 532 3140 soepIus
554 3052 798 3116 retractantium
829 3051 906 3117 vitio
938 3051 1001 3115 sive
1035 3051 1197 3117 interdum
1227 3074 1295 3118 me-

171 3155 247 3222 rito.
267 3154 397 3246 Utique,
422 3157 448 3221 si
466 3158 508 3223 ad
524 3157 627 3223 solam
643 3173 750 3223 textus
776 3157 989 3247 integritatem
1009 3157 1210 3247 respIciatur,
1233 3182 1293 3250 po·

173 3261 273 3328 tiores
286 3263 444 3328 habendae
454 3280 539 3345 sunt,
557 3288 620 3329 non
636 3287 707 3353 quas
720 3263 950 3353 castigatiores,
965 3264 1024 3329 sed
1038 3287 1108 3353 quae
1120 3264 1225 3330 minus
1241 3289 1292 3330 re-

173 3384 327 3435 tractatae.
353 3370 429 3453 Quo
457 3369 588 3436 nomine
603 3369 868 3462 pretiosissimam
883 3368 1030 3435 testimari
1047 3386 1211 3460 oporteret
1226 3386 1293 3437 ter-

172 3476 251 3542 tiam
265 3475 412 3542 oodicum
425 3477 569 3541 classem.
596 3479 705 3560 Quum
720 3475 806 3541 enim
821 3475 946 3541 mendis
966 3491 1086 3540 scateat
1103 3475 1291 3557 innumeris,

174 3607 313 3675 quorum
337 3584 474 3673 plurima
493 3582 631 3649 librariis
656 3583 824 3649 manifesto
842 3600 917 3650 sunt
944 3583 1152 3672 imputanda,
1185 3583 1294 3650 insunt

175 3714 303 3781 quoque
315 3690 414 3756 multa
428 3714 501 3781 quae
513 3714 579 3756 non
591 3707 765 3782 potuerunt
777 3690 835 3755 nisi
848 3694 888 3756 ab
901 3691 1083 3781 antiquiore
1097 3689 1294 3757 collectionis

175 3798 270 3884 hujus
280 3795 452 3886 exemplari
465 3796 621 3886 orIginem
637 3797 767 3863 ducere.
796 3798 953 3862 Praeterea
972 3796 1004 3861 in
1023 3797 1121 3862 rebus
1133 3795 1295 3890 theologi-

175 3905 220 3972 cis
233 3925 368 3970 ·errores
399 3904 505 3992 plures
526 3904 576 3969 vel
602 3904 761 3993 graviores
787 3901 920 3968 retinuit
943 3901 1054 3992 (pudet
1077 3902 1140 3968 boc
1166 3925 1296 3993 quoque

174 4010 261 4078 laudi
277 4008 417 4100 vertere)
433 4034 529 4101 quam
546 4011 606 4076 alia
632 4010 837 4101 exemplaria,
859 4009 913 4074 ubi
930 4033 984 4074 seu
1011 4009 1147 4074 correcti
1166 4010 1232 4074 sive
1247 4026 1297 4074 at·

175 4116 297 4184 tenuati
324 4117 476 4182 lectorem
501 4117 626 4186 fallunt.
646 4118 734 4182 Num
750 4115 847 4206 igitur
872 4115 1050 4182 necessario
1072 4115 1173 4180 tertiae
1188 4115 1297 4181 classis

94 4285 97 4290 .
176 4226 331 4292 lectiones
354 4225 474 4315 ubique
497 4225 611 4290 ceteris
622 4223 829 4316 praeferendae
843 4224 939 4289 sunt?
956 4219 1102 4302 Minime,
1122 4222 1197 4313 quia
1221 4222 1296 4288 iude

175 4349 280 4398 textus
306 4330 489 4397 efficeretur
520 4347 588 4396 tam
613 4331 746 4397 vitiosus
780 4346 816 4397 ut
840 4352 1043 4421 nequaquam
1073 4328 1149 4394 ferri
1174 4346 1292 4419 posset.

176 4441 334 4505 Praeterea
359 4455 569 4504 retractantes
586 4436 645 4529 ipsi
669 4455 844 4528 potuerunt
859 4437 1022 4502 interdum
1039 4434 1228 4502 melioribus
1248 4437 1294 4502 uti

176 4545 359 4625 codicibus3
384 4544 433 4610 vel
456 4561 492 4611 ut
518 4562 609 4611 erant
631 4544 777 4610 homines
802 4567 866 4612 non
895 4543 1017 4635 inepti,
1046 4542 1111 4610 suis
1134 4542 1296 4610 interdum
