3186 5310
527 409 811 474 snrmruonuu
832 409 905 472 ua.
926 405 1006 472 xiv,
1266 381 1326 469 aaa

342 544 420 609 Post
433 565 529 632 (prem
544 558 736 610 concurrent
749 543 781 607 in
794 557 904 608 mutua
917 540 1029 606 funera
1043 539 1148 622 multi,

299 650 466 739 Regnandi
484 649 604 732 studio,
621 650 722 715 sortes
737 648 915 738 animisque
928 671 1105 737 manuque3

299 759 391 842 Quos
408 756 491 821 inter
507 756 616 821 senior
634 757 778 846 quidam,
794 754 984 844 numerique
999 755 1160 844 quaterni,

299 865 375 928 Jura
392 863 481 928 dabit
496 863 572 927 forti
588 862 692 944 latio,
708 880 740 927 et
756 865 845 953 rege't
859 861 966 926 omnia
983 878 1082 928 recte.

234 973 277 1035 80
301 972 383 1034 Tum
397 994 475 1034 vcro
490 986 621 1058 surgent
636 969 841 1034 Pboenicibus
859 968 991 1034 horrida
1008 969 1107 1051 bella,

303 1076 441 1159 Quando
455 1075 638 1166 sagittiferae
657 1076 831 1141 descendet
845 1076 985 1141 Persidis
1001 1099 1128 1165 agmen.

304 1186 391 1266 Quot
407 1182 530 1247 miseris
546 1200 579 1248 et
592 1197 711 1271 quanta
725 1181 816 1247 dabit
830 1182 913 1246 mala
927 1183 1082 1247 barbarus
1098 1182 1217 1248 bostis!

303 1290 401 1355 Sidon
416 1305 448 1353 et
461 1288 614 1378 Tripolis,
633 1305 744 1377 tuque,
761 1313 781 1352 ο
797 1291 911 1378 beryto
925 1291 1076 1378 superba,

304 1397 327 1460 F
329 1393 435 1460 lebitis
450 1395 588 1459 alternas
605 1394 766 1460 communi
782 1394 983 1484 insanguine
999 1395 1114 1460 caedes.

236 1502 280 1567 85
304 1503 346 1565 Et
362 1518 451 1583 tuuc,
467 1500 577 1566 infelix
592 1525 613 1565 o
627 1499 797 1582 Laodicea,
822 1517 952 1566 tuorum

305 1609 358 1673 Ob
372 1607 480 1697 culpas
498 1606 679 1688 bominum,
697 1609 815 1672 frustra
829 1606 961 1671 horrida
975 1607 1059 1672 bella
1074 1606 1209 1672 subibis.

306 1715 395 1778 Heu!
414 1737 485 1802 quae
499 1736 570 1795 vos,
586 1713 689 1803 Tyrii,
706 1714 841 1778 miseros
858 1731 965 1777 manet
980 1713 1127 1803 improba
1141 1713 1267 1796 messis,

306 1821 415 1904 Quum
431 1818 479 1885 sol
492 1819 526 1883 in
540 1819 648 1885 medio
665 1818 818 1884 defecerit
831 1842 903 1901 axe,
919 1819 1072 1886 decoram

304 1927 408 1991 Nocte
422 1941 533 2013 tegens
550 1925 683 2007 faciem,
697 1925 789 2014 nigro
804 1948 905 2014 quum
918 1925 1073 2015 sanguine
1087 1942 1186 2016 gutte

239 2057 284 2121 90
307 2032 468 2097 Stillantes
481 2031 523 2096 ad
536 2030 671 2096 humum
685 2030 763 2096 caelo
778 2031 928 2096 labentur
942 2033 983 2096 ab
997 2031 1075 2100 alto.

307 2141 392 2205 Turn
408 2161 465 2203 rex
479 2161 498 2201 a
514 2136 654 2226 propriis
669 2136 763 2202 cadet
778 2136 966 2202 interfectus
985 2136 1107 2204 amicis.

351 2247 431 2310 Post
445 2244 531 2308 bunc
547 2242 664 2332 impuri
675 2226 807 2307 'venient
820 2241 958 2332 loedique
973 2245 1118 2333 tyranni,

311 2353 420 2415 Mutua
437 2373 519 2439 quos
535 2349 650 2439 perdet
662 2349 752 2414 saevis
766 2349 926 2414 discordia
939 2350 1050 2434 bellis,

309 2460 395 2522 Dum
408 2480 509 2545 regno
522 2455 666 2537 accedat,
682 2454 772 2520 senio
786 2454 1000 2539 venerandus,
1017 2474 1050 2522 et
1064 2455 1150 2523 idem

242 2564 286 2653 95
311 2562 448 2651 Insignis
463 2562 576 2651 quinto
594 2584 743 2643 numero,
761 2560 810 2625 vir
823 2561 910 2626 mille
926 2563 1062 2629 catervis

311 2672 425 2736 fretus
440 2685 472 2732 et
487 2666 607 2757 ingenti
623 2666 728 2757 plebis
743 2666 924 2732 succinctus
935 2692 1066 2753 amore,

312 2774 452 2842 Nomine
470 2773 525 2863 qui
542 2773 697 2862 lactisque
711 2773 817 2837 bonus
830 2771 954 2839 dicetur
970 2775 1109 2867 eritque.

314 2882 410 2971 Signa
424 2897 533 2947 autem
546 2881 650 2962 terris,
666 2879 721 2943 illo
731 2896 899 2968 regnante,
915 2881 1096 2950 dabuntur:

315 2988 411 3054 Tauri
425 2987 510 3053 inter
524 2985 685 3076 gelidique
697 2984 811 3050 nivosa
824 2987 989 3053 cacumina
1005 2990 1143 3073 Amani,

231 3120 294 3162 roo
317 3098 355 3160 ln
372 3092 509 3158 Cilicum
524 3091 651 3174 tellure,
665 3114 783 3156 novam
798 3107 868 3156 tum
881 3091 988 3158 diruet
1001 3097 1116 3163 urbem

316 3202 506 3266 Formosam
516 3197 720 3286 validamque
735 3197 900 3286 potentior
916 3198 1054 3289 impetus
1072 3204 1187 3271 amnis.

318 3310 361 3373 At
372 3306 547 3396 Phrygiam
564 3303 670 3369 crebri
683 3318 851 3392 totamque
868 3306 1065 3394 Propontida
1083 3328 1191 3377 motus

318 3413 537 3498 Quassabunt.
558 3409 641 3475 Exin
655 3408 856 3500 propriores
872 3428 978 3477 morte
990 3414 1116 3482 solutus

319 3519 514 3586 Succumbet
527 3517 644 3582 morbo
659 3516 747 3581 lento
764 3516 928 3606 satumque
942 3521 1096 3588 moranti.
1157 3549 1159 3553 ·

236 3629 296 3694 105
363 3624 513 3691 Pnotinus
527 3621 686 3711 excipient
699 3622 817 3712 gemini
831 3624 1051 3692 moderamina
1067 3653 1170 3720 reges,

320 3731 465 3821 Insignes
478 3727 621 3795 numeris
635 3727 689 3794 hic
703 3728 816 3812 ternis,
831 3728 885 3796 ille
898 3734 1068 3815 trecentis;

321 3838 441 3906 Multas
453 3837 539 3902 unde
552 3857 649 3903 neces
663 3834 746 3901 intra
760 3838 957 3928 septemjuga
972 3841 1085 3907 Rome

267 4057 308 4105 99.
325 4051 376 4103 Cir.
392 4048 463 4108 xlu,
478 4050 535 4099 tat.
846 4053 903 4103 10³.
921 4050 997 4102 Codd.
1013 4053 1104 4112 κλυτός
1118 4070 1175 4106 cum
1188 4057 1227 4107 vd
1244 4057 1296 4108 siue
1310 4074 1354 4110 re:

271 4134 326 4181 too.
344 4129 397 4179 ste
408 4124 531 4182 τιςπόλις,
542 4119 779 4180 Λιιιιιτδω.ίυπιιί-
810 4141 876 4180 corr.
889 4127 947 4178 itai.

235 4215 286 4264 tur,
301 4203 392 4270 quippe
406 4208 460 4267 post
474 4197 577 4247 similem
590 4213 682 4254 cesum,
700 4195 779 4246 Nerva
849 4199 905 4246 104.
924 4194 1001 4245 Codd.
1016 4197 1150 4262 θηλιδανῷ,
1173 4199 1289 4261 berlure,
1312 4217 1358 4268 pro

234 4280 380 4348 imperante,
388 4273 658 4339 restituta,utestapud
666 4271 780 4329 suidam
814 4287 864 4337 quo
874 4269 1009 4320 Lobeekitu
1018 4271 1170 4341 adSopbocl.
1182 4276 1220 4341 Αἱ.
1232 4277 1359 4344 mam

235 4357 279 4408 sed
288 4371 338 4407 non
352 4354 416 4412 ideo,
431 4351 478 4401 nisi
491 4349 586 4418 poetice
594 4357 620 4398 et
637 4347 781 4416 improprie,
815 4345 904 4406 masin
916 4362 961 4395 nos
969 4346 1113 4413 recepimus.

237 4447 323 4484 noem
336 4429 393 4480 urbs
402 4427 514 4478 dicenda.
853 4425 908 4473 too.
925 4421 960 4472 lic
975 4421 1071 4488 ingrate
1086 4422 1188 4492 synisesi
1198 4428 1362 4493 τριηκοσίων,

274 4509 331 4563 102.
350 4503 428 4557 Godd.
441 4503 573 4572 §pusiam
583 4499 636 4552 sine
648 4519 672 4550 ν.
818 4500 864 4553 eir.
877 4495 952 4560 inira,
964 4500 1021 4551 12⁶.
