<?xml version="1.0" encoding="UTF-8"?>
<!DOCTYPE html PUBLIC "-//W3C//DTD XHTML 1.0 Transitional//EN"
    "http://www.w3.org/TR/xhtml1/DTD/xhtml1-transitional.dtd">
<html xmlns="http://www.w3.org/1999/xhtml" xml:lang="en" lang="en">
 <head>
  <title>
</title>
<meta http-equiv="Content-Type" content="text/html;charset=utf-8" />
  <meta name='ocr-system' content='tesseract 3.04.00' />
  <meta name='ocr-capabilities' content='ocr_page ocr_carea ocr_par ocr_line ocrx_word'/>
</head>
<body>
  <div class='ocr_page' id='page_1' title='image "./oraculasibyllin00alexgoog/oraculasibyllin00alexgoog_0208.png"; bbox 0 0 3186 5310; ppageno 0'>
   <div class='ocr_carea' id='block_1_1' title="bbox 492 309 1018 399">
    <p class='ocr_par' dir='ltr' id='par_1_1' title="bbox 492 309 1018 399">
     <span class='ocr_line' id='line_1_1' title="bbox 492 309 1018 399; baseline -0.002 -2"><span class='ocrx_word' id='word_1_1' title='bbox 492 309 514 358; x_wconf 83' lang='lat'>.·</span> <span class='ocrx_word' id='word_1_2' title='bbox 573 334 947 399; x_wconf 71' lang='lat' dir='ltr'>semisomnus.</span> <span class='ocrx_word' id='word_1_3' title='bbox 970 335 1018 396; x_wconf 85' lang='lat' dir='ltr'>u.</span> 
     </span>
    </p>
   </div>
   <div class='ocr_carea' id='block_1_2' title="bbox 237 464 1263 3530">
    <p class='ocr_par' dir='ltr' id='par_1_2' title="bbox 328 464 1150 875">
     <span class='ocr_line' id='line_1_2' title="bbox 373 464 1150 558; baseline -0.003 -25"><span class='ocrx_word' id='word_1_4' title='bbox 373 466 437 533; x_wconf 87' lang='lat' dir='ltr'>Sed</span> <span class='ocrx_word' id='word_1_5' title='bbox 449 489 551 558; x_wconf 89' lang='lat' dir='ltr'>quum</span> <span class='ocrx_word' id='word_1_6' title='bbox 564 466 700 556; x_wconf 83' lang='lat' dir='ltr'>profuso</span> <span class='ocrx_word' id='word_1_7' title='bbox 714 467 859 532; x_wconf 79' lang='lat' dir='ltr'><strong>manabit</strong></span> <span class='ocrx_word' id='word_1_8' title='bbox 872 465 1025 554; x_wconf 85' lang='lat' dir='ltr'>sangnine</span> <span class='ocrx_word' id='word_1_9' title='bbox 1037 464 1150 555; x_wconf 87' lang='lat' dir='ltr'>plenus</span> 
     </span>
     <span class='ocr_line' id='line_1_3' title="bbox 328 572 1089 664; baseline -0.003 -25"><span class='ocrx_word' id='word_1_10' title='bbox 328 574 522 664; x_wconf 83' lang='lat' dir='ltr'><strong>Euphrates,</strong></span> <span class='ocrx_word' id='word_1_11' title='bbox 536 574 644 642; x_wconf 87' lang='lat' dir='ltr'>Persae</span> <span class='ocrx_word' id='word_1_12' title='bbox 661 589 693 639; x_wconf 91' lang='lat' dir='ltr'>et</span> <span class='ocrx_word' id='word_1_13' title='bbox 713 573 802 639; x_wconf 86' lang='lat' dir='ltr'>Medi</span> <span class='ocrx_word' id='word_1_14' title='bbox 818 573 993 639; x_wconf 81' lang='lat' dir='ltr'>certamine</span> <span class='ocrx_word' id='word_1_15' title='bbox 1006 572 1089 637; x_wconf 92' lang='lat' dir='ltr'>duro</span> 
     </span>
     <span class='ocr_line' id='line_1_4' title="bbox 329 678 1096 768; baseline 0 -24"><span class='ocrx_word' id='word_1_16' title='bbox 329 679 518 768; x_wconf 84' lang='lat' dir='ltr'>Conssigent.</span> <span class='ocrx_word' id='word_1_17' title='bbox 536 682 627 744; x_wconf 82' lang='lat' dir='ltr'>Tunc</span> <span class='ocrx_word' id='word_1_18' title='bbox 644 680 787 768; x_wconf 83' lang='lat' dir='ltr'>oppressi</span> <span class='ocrx_word' id='word_1_19' title='bbox 801 679 985 744; x_wconf 88' lang='lat' dir='ltr'>victricibus</span> <span class='ocrx_word' id='word_1_20' title='bbox 999 678 1096 744; x_wconf 87' lang='lat' dir='ltr'>armis</span> 
     </span>
     <span class='ocr_line' id='line_1_5' title="bbox 329 784 1100 875; baseline 0 -26"><span class='ocrx_word' id='word_1_21' title='bbox 329 785 505 875; x_wconf 75' lang='lat' dir='ltr'>Diffugient</span> <span class='ocrx_word' id='word_1_22' title='bbox 517 786 607 852; x_wconf 87' lang='lat' dir='ltr'>Medi</span> <span class='ocrx_word' id='word_1_23' title='bbox 621 804 709 851; x_wconf 88' lang='lat' dir='ltr'>trans</span> <span class='ocrx_word' id='word_1_24' title='bbox 728 785 867 874; x_wconf 80' lang='lat' dir='ltr'><strong>Tigridis</strong></span> <span class='ocrx_word' id='word_1_25' title='bbox 882 787 944 850; x_wconf 89' lang='lat' dir='ltr'>alta</span> <span class='ocrx_word' id='word_1_26' title='bbox 963 784 1100 855; x_wconf 80' lang='lat' dir='ltr'>fluenta:</span> 
     </span>
    </p>

    <p class='ocr_par' dir='ltr' id='par_1_3' title="bbox 259 891 1114 1087">
     <span class='ocr_line' id='line_1_6' title="bbox 259 891 1114 981; baseline -0.002 -25"><span class='ocrx_word' id='word_1_27' title='bbox 259 891 302 956; x_wconf 81' lang='lat'>65</span> <span class='ocrx_word' id='word_1_28' title='bbox 326 892 397 957; x_wconf 85' lang='lat' dir='ltr'>Fiet</span> <span class='ocrx_word' id='word_1_29' title='bbox 410 909 441 957; x_wconf 90' lang='lat' dir='ltr'>et</span> <span class='ocrx_word' id='word_1_30' title='bbox 455 892 487 956; x_wconf 90' lang='lat' dir='ltr'>in</span> <span class='ocrx_word' id='word_1_31' title='bbox 502 893 624 957; x_wconf 90' lang='lat' dir='ltr'>mundo</span> <span class='ocrx_word' id='word_1_32' title='bbox 638 895 808 958; x_wconf 87' lang='lat' dir='ltr'>Persarum</span> <span class='ocrx_word' id='word_1_33' title='bbox 821 915 945 956; x_wconf 89' lang='lat' dir='ltr'>summa</span> <span class='ocrx_word' id='word_1_34' title='bbox 959 907 1114 981; x_wconf 88' lang='lat' dir='ltr'>potestas,</span> 
     </span>
     <span class='ocr_line' id='line_1_7' title="bbox 326 989 1068 1087; baseline 0.001 -26"><span class='ocrx_word' id='word_1_35' title='bbox 326 999 397 1062; x_wconf 89' lang='lat' dir='ltr'>Una</span> <span class='ocrx_word' id='word_1_36' title='bbox 412 997 528 1087; x_wconf 90' lang='lat' dir='ltr'>quibus</span> <span class='ocrx_word' id='word_1_37' title='bbox 545 998 675 1071; x_wconf 89' lang='lat' dir='ltr'>dabitur</span> <span class='ocrx_word' id='word_1_38' title='bbox 688 989 777 1086; x_wconf 85' lang='lat' dir='ltr'>iegni</span> <span class='ocrx_word' id='word_1_39' title='bbox 792 997 966 1087; x_wconf 84' lang='lat' dir='ltr'>praedivitis</span> <span class='ocrx_word' id='word_1_40' title='bbox 982 1013 1068 1062; x_wconf 79' lang='lat' dir='ltr'>aetas.</span> 
     </span>
    </p>

    <p class='ocr_par' dir='ltr' id='par_1_4' title="bbox 370 1102 1226 1193">
     <span class='ocr_line' id='line_1_8' title="bbox 370 1102 1226 1193; baseline 0 -26"><span class='ocrx_word' id='word_1_41' title='bbox 370 1105 453 1168; x_wconf 86' lang='lat' dir='ltr'>Tum</span> <span class='ocrx_word' id='word_1_42' title='bbox 467 1128 543 1168; x_wconf 91' lang='lat' dir='ltr'>vero</span> <span class='ocrx_word' id='word_1_43' title='bbox 561 1104 749 1169; x_wconf 86' lang='lat' dir='ltr'>incumbent</span> <span class='ocrx_word' id='word_1_44' title='bbox 763 1104 889 1193; x_wconf 92' lang='lat' dir='ltr'>populis</span> <span class='ocrx_word' id='word_1_45' title='bbox 906 1127 976 1191; x_wconf 73' lang='lat' dir='ltr'>quaa</span> <span class='ocrx_word' id='word_1_46' title='bbox 992 1102 1127 1192; x_wconf 85' lang='lat' dir='ltr'>pessima</span> <span class='ocrx_word' id='word_1_47' title='bbox 1143 1102 1226 1167; x_wconf 88' lang='lat' dir='ltr'>votis</span> 
     </span>
    </p>

    <p class='ocr_par' dir='ltr' id='par_1_5' title="bbox 237 1210 1118 1404">
     <span class='ocr_line' id='line_1_9' title="bbox 327 1210 1089 1298; baseline 0.001 -26"><span class='ocrx_word' id='word_1_48' title='bbox 327 1211 493 1291; x_wconf 83' lang='lat' dir='ltr'>Avertunt,</span> <span class='ocrx_word' id='word_1_49' title='bbox 509 1210 593 1274; x_wconf 91' lang='lat' dir='ltr'>bella</span> <span class='ocrx_word' id='word_1_50' title='bbox 607 1226 640 1275; x_wconf 91' lang='lat' dir='ltr'>et</span> <span class='ocrx_word' id='word_1_51' title='bbox 658 1211 762 1275; x_wconf 84' lang='lat' dir='ltr'>caedes</span> <span class='ocrx_word' id='word_1_52' title='bbox 776 1210 917 1298; x_wconf 83' lang='lat' dir='ltr'>rixaeque</span> <span class='ocrx_word' id='word_1_53' title='bbox 932 1212 1089 1298; x_wconf 75' lang='lat' dir='ltr'>fugaeque,</span> 
     </span>
     <span class='ocr_line' id='line_1_10' title="bbox 237 1315 1118 1404; baseline 0.002 -26"><span class='ocrx_word' id='word_1_54' title='bbox 237 1349 246 1366; x_wconf 57' lang='grc' dir='ltr'>ι</span> <span class='ocrx_word' id='word_1_55' title='bbox 325 1317 530 1404; x_wconf 86' lang='lat' dir='ltr'>Incensaeque</span> <span class='ocrx_word' id='word_1_56' title='bbox 544 1317 669 1381; x_wconf 92' lang='lat' dir='ltr'>dabunt</span> <span class='ocrx_word' id='word_1_57' title='bbox 684 1333 788 1382; x_wconf 88' lang='lat' dir='ltr'>turres</span> <span class='ocrx_word' id='word_1_58' title='bbox 806 1318 966 1404; x_wconf 87' lang='lat' dir='ltr'>urbesque</span> <span class='ocrx_word' id='word_1_59' title='bbox 980 1315 1118 1397; x_wconf 91' lang='lat' dir='ltr'>ruinam,</span> 
     </span>
    </p>

    <p class='ocr_par' dir='ltr' id='par_1_6' title="bbox 258 1419 1180 1936">
     <span class='ocr_line' id='line_1_11' title="bbox 258 1419 1180 1510; baseline 0.003 -27"><span class='ocrx_word' id='word_1_60' title='bbox 258 1444 301 1508; x_wconf 87' lang='lat'>70</span> <span class='ocrx_word' id='word_1_61' title='bbox 325 1419 445 1484; x_wconf 84' lang='lat' dir='ltr'>Graecia</span> <span class='ocrx_word' id='word_1_62' title='bbox 462 1445 562 1509; x_wconf 89' lang='lat' dir='ltr'>quum</span> <span class='ocrx_word' id='word_1_63' title='bbox 576 1445 728 1510; x_wconf 91' lang='lat' dir='ltr'>magnum</span> <span class='ocrx_word' id='word_1_64' title='bbox 745 1423 918 1486; x_wconf 82' lang='lat' dir='ltr'>tranaverit</span> <span class='ocrx_word' id='word_1_65' title='bbox 936 1421 1180 1510; x_wconf 85' lang='lat' dir='ltr'>Hellespontum</span> 
     </span>
     <span class='ocr_line' id='line_1_12' title="bbox 324 1526 1170 1618; baseline 0.005 -28"><span class='ocrx_word' id='word_1_66' title='bbox 324 1527 425 1607; x_wconf 80' lang='lat' dir='ltr'>Saeva,</span> <span class='ocrx_word' id='word_1_67' title='bbox 445 1529 550 1591; x_wconf 83' lang='lat' dir='ltr'>ferens</span> <span class='ocrx_word' id='word_1_68' title='bbox 564 1528 647 1592; x_wconf 73' lang='lat' dir='ltr'>Asiae</span> <span class='ocrx_word' id='word_1_69' title='bbox 661 1528 908 1618; x_wconf 86' lang='lat' dir='ltr'>Phrygibusque</span> <span class='ocrx_word' id='word_1_70' title='bbox 925 1528 1076 1592; x_wconf 88' lang='lat' dir='ltr'>immania</span> <span class='ocrx_word' id='word_1_71' title='bbox 1094 1526 1170 1594; x_wconf 77' lang='lat' dir='ltr'>fata‘.</span> 
     </span>
     <span class='ocr_line' id='line_1_13' title="bbox 331 1632 1075 1725; baseline 0.001 -28"><span class='ocrx_word' id='word_1_72' title='bbox 331 1664 332 1668; x_wconf 41' lang='lat'>¹</span> <span class='ocrx_word' id='word_1_73' title='bbox 370 1635 463 1697; x_wconf 89' lang='lat' dir='ltr'>Tunc</span> <span class='ocrx_word' id='word_1_74' title='bbox 476 1634 573 1700; x_wconf 87' lang='lat' dir='ltr'>etiam</span> <span class='ocrx_word' id='word_1_75' title='bbox 589 1634 693 1699; x_wconf 86' lang='lat' dir='ltr'>cultos</span> <span class='ocrx_word' id='word_1_76' title='bbox 706 1633 839 1725; x_wconf 82' lang='lat' dir='ltr'>AEgypti</span> <span class='ocrx_word' id='word_1_77' title='bbox 853 1632 966 1697; x_wconf 81' lang='lat' dir='ltr'>fertilis</span> <span class='ocrx_word' id='word_1_78' title='bbox 980 1656 1075 1721; x_wconf 85' lang='lat' dir='ltr'>agros</span> 
     </span>
     <span class='ocr_line' id='line_1_14' title="bbox 324 1737 1112 1829; baseline 0.003 -27"><span class='ocrx_word' id='word_1_79' title='bbox 324 1737 485 1825; x_wconf 85' lang='lat' dir='ltr'>Frugibus</span> <span class='ocrx_word' id='word_1_80' title='bbox 498 1741 579 1804; x_wconf 87' lang='lat' dir='ltr'>orba</span> <span class='ocrx_word' id='word_1_81' title='bbox 594 1739 694 1804; x_wconf 81' lang='lat' dir='ltr'>fames</span> <span class='ocrx_word' id='word_1_82' title='bbox 708 1740 785 1805; x_wconf 89' lang='lat' dir='ltr'>totis</span> <span class='ocrx_word' id='word_1_83' title='bbox 799 1739 1007 1829; x_wconf 87' lang='lat' dir='ltr'>populabitur</span> <span class='ocrx_word' id='word_1_84' title='bbox 1021 1738 1112 1805; x_wconf 86' lang='lat' dir='ltr'>anuis</span> 
     </span>
     <span class='ocr_line' id='line_1_15' title="bbox 324 1844 1172 1936; baseline 0.005 -28"><span class='ocrx_word' id='word_1_85' title='bbox 324 1844 456 1934; x_wconf 86' lang='lat' dir='ltr'>Viginti,</span> <span class='ocrx_word' id='word_1_86' title='bbox 469 1869 568 1934; x_wconf 91' lang='lat' dir='ltr'>quum</span> <span class='ocrx_word' id='word_1_87' title='bbox 582 1846 690 1913; x_wconf 91' lang='lat' dir='ltr'>nescio</span> <span class='ocrx_word' id='word_1_88' title='bbox 705 1870 771 1936; x_wconf 94' lang='lat' dir='ltr'>quo</span> <span class='ocrx_word' id='word_1_89' title='bbox 784 1848 845 1912; x_wconf 88' lang='lat' dir='ltr'>sub</span> <span class='ocrx_word' id='word_1_90' title='bbox 859 1847 980 1912; x_wconf 88' lang='lat' dir='ltr'>viscera</span> <span class='ocrx_word' id='word_1_91' title='bbox 997 1864 1090 1911; x_wconf 86' lang='lat' dir='ltr'>terrae</span> <span class='ocrx_word' id='word_1_92' title='bbox 1170 1859 1172 1863; x_wconf 81' lang='grc'>’</span> 
     </span>
    </p>

    <p class='ocr_par' dir='ltr' id='par_1_7' title="bbox 257 1950 1110 2044">
     <span class='ocr_line' id='line_1_16' title="bbox 257 1950 1110 2044; baseline 0.002 -28"><span class='ocrx_word' id='word_1_93' title='bbox 257 1951 299 2038; x_wconf 84' lang='lat'>75</span> <span class='ocrx_word' id='word_1_94' title='bbox 324 1950 528 2041; x_wconf 76' lang='lat' dir='ltr'>Praecipitant</span> <span class='ocrx_word' id='word_1_95' title='bbox 543 1952 635 2018; x_wconf 89' lang='lat' dir='ltr'>Nilus</span> <span class='ocrx_word' id='word_1_96' title='bbox 652 1952 759 2044; x_wconf 85' lang='lat' dir='ltr'>nigras</span> <span class='ocrx_word' id='word_1_97' title='bbox 773 1952 981 2019; x_wconf 87' lang='lat' dir='ltr'>absconderit</span> <span class='ocrx_word' id='word_1_98' title='bbox 996 1953 1110 2019; x_wconf 89' lang='lat' dir='ltr'>undas.</span> 
     </span>
    </p>

    <p class='ocr_par' dir='ltr' id='par_1_8' title="bbox 368 2057 1126 2141">
     <span class='ocr_line' id='line_1_17' title="bbox 368 2057 1126 2141; baseline 0.005 -20"><span class='ocrx_word' id='word_1_99' title='bbox 368 2062 411 2141; x_wconf 83' lang='lat' dir='ltr'>At</span> <span class='ocrx_word' id='word_1_100' title='bbox 424 2057 542 2123; x_wconf 74' lang='lat' dir='ltr'>Graecis</span> <span class='ocrx_word' id='word_1_101' title='bbox 561 2058 674 2124; x_wconf 82' lang='lat' dir='ltr'>infesta</span> <span class='ocrx_word' id='word_1_102' title='bbox 688 2059 770 2124; x_wconf 86' lang='lat' dir='ltr'>feret</span> <span class='ocrx_word' id='word_1_103' title='bbox 782 2084 838 2124; x_wconf 85' lang='lat' dir='ltr'>rex</span> <span class='ocrx_word' id='word_1_104' title='bbox 850 2058 1007 2124; x_wconf 84' lang='lat' dir='ltr'>maximus</span> <span class='ocrx_word' id='word_1_105' title='bbox 1024 2082 1126 2140; x_wconf 83' lang='lat' dir='ltr'>arma,</span> 
     </span>
    </p>

    <p class='ocr_par' dir='ltr' id='par_1_9' title="bbox 304 2165 1174 2466">
     <span class='ocr_line' id='line_1_18' title="bbox 304 2165 1052 2256; baseline 0.003 -30"><span class='ocrx_word' id='word_1_106' title='bbox 304 2216 305 2220; x_wconf 61' lang='grc'>,</span> <span class='ocrx_word' id='word_1_107' title='bbox 323 2165 510 2229; x_wconf 88' lang='lat' dir='ltr'>Innumeras</span> <span class='ocrx_word' id='word_1_108' title='bbox 525 2165 645 2230; x_wconf 87' lang='lat' dir='ltr'>ducens</span> <span class='ocrx_word' id='word_1_109' title='bbox 659 2165 742 2256; x_wconf 72' lang='lat' dir='ltr'>Asiae</span> <span class='ocrx_word' id='word_1_110' title='bbox 755 2165 796 2230; x_wconf 93' lang='lat' dir='ltr'>de</span> <span class='ocrx_word' id='word_1_111' title='bbox 809 2166 903 2229; x_wconf 90' lang='lat' dir='ltr'>litore</span> <span class='ocrx_word' id='word_1_112' title='bbox 916 2188 1052 2254; x_wconf 90' lang='lat' dir='ltr'>puppes,</span> 
     </span>
     <span class='ocr_line' id='line_1_19' title="bbox 323 2270 1168 2361; baseline 0.006 -28"><span class='ocrx_word' id='word_1_113' title='bbox 323 2270 388 2353; x_wconf 85' lang='lat' dir='ltr'>Qui</span> <span class='ocrx_word' id='word_1_114' title='bbox 402 2294 491 2334; x_wconf 90' lang='lat' dir='ltr'>mare</span> <span class='ocrx_word' id='word_1_115' title='bbox 506 2272 642 2357; x_wconf 84' lang='lat' dir='ltr'>trajiciet</span> <span class='ocrx_word' id='word_1_116' title='bbox 654 2270 765 2361; x_wconf 89' lang='lat' dir='ltr'>pedes,</span> <span class='ocrx_word' id='word_1_117' title='bbox 781 2271 879 2336; x_wconf 89' lang='lat' dir='ltr'>altum</span> <span class='ocrx_word' id='word_1_118' title='bbox 893 2270 999 2335; x_wconf 88' lang='lat' dir='ltr'>navita</span> <span class='ocrx_word' id='word_1_119' title='bbox 1012 2286 1168 2338; x_wconf 88' lang='lat' dir='ltr'>montem.</span> 
     </span>
     <span class='ocr_line' id='line_1_20' title="bbox 322 2376 1174 2466; baseline 0.004 -26"><span class='ocrx_word' id='word_1_120' title='bbox 322 2376 417 2441; x_wconf 87' lang='lat' dir='ltr'>Hunc</span> <span class='ocrx_word' id='word_1_121' title='bbox 428 2376 515 2441; x_wconf 92' lang='lat' dir='ltr'>bello</span> <span class='ocrx_word' id='word_1_122' title='bbox 529 2377 702 2466; x_wconf 87' lang='lat' dir='ltr'>profugum</span> <span class='ocrx_word' id='word_1_123' title='bbox 716 2402 792 2442; x_wconf 82' lang='lat' dir='ltr'>mox</span> <span class='ocrx_word' id='word_1_124' title='bbox 808 2376 910 2466; x_wconf 85' lang='lat' dir='ltr'>patria</span> <span class='ocrx_word' id='word_1_125' title='bbox 923 2393 1031 2442; x_wconf 89' lang='lat' dir='ltr'>maesta</span> <span class='ocrx_word' id='word_1_126' title='bbox 1047 2377 1174 2444; x_wconf 86' lang='lat' dir='ltr'>reviset.</span> 
     </span>
    </p>

    <p class='ocr_par' dir='ltr' id='par_1_10' title="bbox 258 2481 1142 2675">
     <span class='ocr_line' id='line_1_21' title="bbox 258 2481 1142 2567; baseline 0.005 -23"><span class='ocrx_word' id='word_1_127' title='bbox 258 2481 300 2545; x_wconf 88' lang='lat'>80</span> <span class='ocrx_word' id='word_1_128' title='bbox 367 2482 519 2564; x_wconf 88' lang='lat' dir='ltr'>Siciliam,</span> <span class='ocrx_word' id='word_1_129' title='bbox 540 2483 627 2548; x_wconf 90' lang='lat' dir='ltr'>dictu</span> <span class='ocrx_word' id='word_1_130' title='bbox 642 2483 835 2567; x_wconf 82' lang='lat' dir='ltr'>miserabile,</span> <span class='ocrx_word' id='word_1_131' title='bbox 854 2482 999 2548; x_wconf 81' lang='lat' dir='ltr'>funditus</span> <span class='ocrx_word' id='word_1_132' title='bbox 1013 2506 1142 2548; x_wconf 90' lang='lat' dir='ltr'>omnem</span> 
     </span>
     <span class='ocr_line' id='line_1_22' title="bbox 322 2590 1022 2675; baseline 0.007 -24"><span class='ocrx_word' id='word_1_133' title='bbox 322 2590 438 2675; x_wconf 89' lang='lat' dir='ltr'>lgneus</span> <span class='ocrx_word' id='word_1_134' title='bbox 451 2607 563 2654; x_wconf 82' lang='lat' dir='ltr'>exuret</span> <span class='ocrx_word' id='word_1_135' title='bbox 575 2607 701 2655; x_wconf 90' lang='lat' dir='ltr'>torrens</span> <span class='ocrx_word' id='word_1_136' title='bbox 715 2590 892 2656; x_wconf 77' lang='lat' dir='ltr'>etaucibus</span> <span class='ocrx_word' id='word_1_137' title='bbox 904 2591 1022 2656; x_wconf 84' lang='lat' dir='ltr'>AEtnae.</span> 
     </span>
    </p>

    <p class='ocr_par' dir='ltr' id='par_1_11' title="bbox 321 2694 1218 2785">
     <span class='ocr_line' id='line_1_23' title="bbox 321 2694 1218 2785; baseline 0.007 -28"><span class='ocrx_word' id='word_1_138' title='bbox 321 2695 393 2782; x_wconf 87' lang='lat' dir='ltr'>Ipsa</span> <span class='ocrx_word' id='word_1_139' title='bbox 407 2698 527 2759; x_wconf 89' lang='lat' dir='ltr'>Croton</span> <span class='ocrx_word' id='word_1_140' title='bbox 541 2712 613 2761; x_wconf 90' lang='lat' dir='ltr'>ruet</span> <span class='ocrx_word' id='word_1_141' title='bbox 626 2695 658 2760; x_wconf 89' lang='lat' dir='ltr'>in</span> <span class='ocrx_word' id='word_1_142' title='bbox 673 2694 789 2761; x_wconf 86' lang='lat' dir='ltr'>fluctus</span> <span class='ocrx_word' id='word_1_143' title='bbox 801 2699 879 2762; x_wconf 88' lang='lat' dir='ltr'>urbs</span> <span class='ocrx_word' id='word_1_144' title='bbox 892 2719 1008 2784; x_wconf 88' lang='lat' dir='ltr'>magna</span> <span class='ocrx_word' id='word_1_145' title='bbox 1025 2695 1218 2785; x_wconf 83' lang='lat' dir='ltr'>profundos.</span> 
     </span>
    </p>

    <p class='ocr_par' dir='ltr' id='par_1_12' title="bbox 321 2799 1206 2991">
     <span class='ocr_line' id='line_1_24' title="bbox 366 2799 1177 2867; baseline -0.001 -2"><span class='ocrx_word' id='word_1_146' title='bbox 366 2799 450 2865; x_wconf 85' lang='lat' dir='ltr'>Hinc</span> <span class='ocrx_word' id='word_1_147' title='bbox 463 2801 557 2866; x_wconf 86' lang='lat' dir='ltr'>cadet</span> <span class='ocrx_word' id='word_1_148' title='bbox 569 2800 602 2866; x_wconf 91' lang='lat' dir='ltr'>in</span> <span class='ocrx_word' id='word_1_149' title='bbox 614 2800 743 2866; x_wconf 79' lang='lat' dir='ltr'>Grmcos</span> <span class='ocrx_word' id='word_1_150' title='bbox 758 2801 918 2867; x_wconf 86' lang='lat' dir='ltr'>discordia</span> <span class='ocrx_word' id='word_1_151' title='bbox 936 2829 944 2866; x_wconf 74' lang='grc' dir='ltr'>ι</span> <span class='ocrx_word' id='word_1_152' title='bbox 960 2818 1090 2866; x_wconf 91' lang='lat' dir='ltr'>mutuus</span> <span class='ocrx_word' id='word_1_153' title='bbox 1105 2799 1177 2864; x_wconf 91' lang='lat' dir='ltr'>illos</span> 
     </span>
     <span class='ocr_line' id='line_1_25' title="bbox 321 2906 1206 2991; baseline 0.001 -19"><span class='ocrx_word' id='word_1_154' title='bbox 321 2908 508 2973; x_wconf 91' lang='lat' dir='ltr'>Committet</span> <span class='ocrx_word' id='word_1_155' title='bbox 525 2909 627 2991; x_wconf 78' lang='lat' dir='ltr'>furor,</span> <span class='ocrx_word' id='word_1_156' title='bbox 643 2925 676 2973; x_wconf 92' lang='lat' dir='ltr'>et</span> <span class='ocrx_word' id='word_1_157' title='bbox 693 2909 809 2973; x_wconf 86' lang='lat' dir='ltr'>multas</span> <span class='ocrx_word' id='word_1_158' title='bbox 824 2906 944 2974; x_wconf 91' lang='lat' dir='ltr'>bellum</span> <span class='ocrx_word' id='word_1_159' title='bbox 958 2924 1074 2973; x_wconf 90' lang='lat' dir='ltr'>atteret</span> <span class='ocrx_word' id='word_1_160' title='bbox 1088 2909 1206 2973; x_wconf 87' lang='lat' dir='ltr'>nrbes:</span> 
     </span>
    </p>

    <p class='ocr_par' dir='ltr' id='par_1_13' title="bbox 255 3013 1167 3103">
     <span class='ocr_line' id='line_1_26' title="bbox 255 3013 1167 3103; baseline -0.001 -24"><span class='ocrx_word' id='word_1_161' title='bbox 255 3013 298 3080; x_wconf 87' lang='lat'>85</span> <span class='ocrx_word' id='word_1_162' title='bbox 322 3013 497 3102; x_wconf 90' lang='lat' dir='ltr'>Pugnando</span> <span class='ocrx_word' id='word_1_163' title='bbox 511 3015 602 3081; x_wconf 92' lang='lat' dir='ltr'>multi</span> <span class='ocrx_word' id='word_1_164' title='bbox 616 3017 829 3091; x_wconf 79' lang='lat' dir='ltr'>occumbent3</span> <span class='ocrx_word' id='word_1_165' title='bbox 847 3015 908 3080; x_wconf 89' lang='lat' dir='ltr'>erit</span> <span class='ocrx_word' id='word_1_166' title='bbox 921 3015 1024 3079; x_wconf 85' lang='lat' dir='ltr'>exitus</span> <span class='ocrx_word' id='word_1_167' title='bbox 1038 3038 1167 3103; x_wconf 86' lang='lat' dir='ltr'>anceps.</span> 
     </span>
    </p>

    <p class='ocr_par' dir='ltr' id='par_1_14' title="bbox 322 3120 1263 3530">
     <span class='ocr_line' id='line_1_27' title="bbox 366 3120 1263 3210; baseline 0.006 -28"><span class='ocrx_word' id='word_1_168' title='bbox 366 3121 486 3185; x_wconf 87' lang='lat' dir='ltr'>Verum</span> <span class='ocrx_word' id='word_1_169' title='bbox 503 3123 556 3185; x_wconf 91' lang='lat' dir='ltr'>ubi</span> <span class='ocrx_word' id='word_1_170' title='bbox 567 3124 633 3208; x_wconf 88' lang='lat' dir='ltr'>jam</span> <span class='ocrx_word' id='word_1_171' title='bbox 649 3139 758 3210; x_wconf 88' lang='lat' dir='ltr'>surget</span> <span class='ocrx_word' id='word_1_172' title='bbox 772 3122 933 3187; x_wconf 90' lang='lat' dir='ltr'>decimum</span> <span class='ocrx_word' id='word_1_173' title='bbox 945 3120 1135 3185; x_wconf 86' lang='lat' dir='ltr'>mortalibus</span> <span class='ocrx_word' id='word_1_174' title='bbox 1148 3145 1263 3188; x_wconf 86' lang='lat' dir='ltr'>aevum.</span> 
     </span>
     <span class='ocr_line' id='line_1_28' title="bbox 322 3227 1133 3317; baseline -0.002 -23"><span class='ocrx_word' id='word_1_175' title='bbox 322 3227 407 3294; x_wconf 80' lang='lat' dir='ltr'>&#39;l&#39;um</span> <span class='ocrx_word' id='word_1_176' title='bbox 421 3227 534 3292; x_wconf 85' lang='lat' dir='ltr'>servile</span> <span class='ocrx_word' id='word_1_177' title='bbox 544 3230 658 3316; x_wconf 91' lang='lat' dir='ltr'>jugum</span> <span class='ocrx_word' id='word_1_178' title='bbox 672 3227 777 3294; x_wconf 91' lang='lat' dir='ltr'>Persis</span> <span class='ocrx_word' id='word_1_179' title='bbox 792 3227 963 3316; x_wconf 84' lang='lat' dir='ltr'>magnique</span> <span class='ocrx_word' id='word_1_180' title='bbox 979 3243 1133 3317; x_wconf 83' lang='lat' dir='ltr'>parantur</span> 
     </span>
     <span class='ocr_line' id='line_1_29' title="bbox 323 3332 1165 3423; baseline 0 -25"><span class='ocrx_word' id='word_1_181' title='bbox 323 3335 490 3416; x_wconf 87' lang='lat' dir='ltr'>Terrores,</span> <span class='ocrx_word' id='word_1_182' title='bbox 506 3333 607 3398; x_wconf 85' lang='lat' dir='ltr'>victor</span> <span class='ocrx_word' id='word_1_183' title='bbox 620 3335 758 3400; x_wconf 89' lang='lat' dir='ltr'>Macedo</span> <span class='ocrx_word' id='word_1_184' title='bbox 773 3356 873 3423; x_wconf 91' lang='lat' dir='ltr'>quum</span> <span class='ocrx_word' id='word_1_185' title='bbox 890 3351 1013 3422; x_wconf 81' lang='lat' dir='ltr'>sceptra</span> <span class='ocrx_word' id='word_1_186' title='bbox 1031 3332 1165 3398; x_wconf 85' lang='lat' dir='ltr'>tenebit.</span> 
     </span>
     <span class='ocr_line' id='line_1_30' title="bbox 323 3425 1076 3530; baseline -0.001 -25"><span class='ocrx_word' id='word_1_187' title='bbox 323 3425 465 3506; x_wconf 75' lang='lat' dir='ltr'>Exiiium</span> <span class='ocrx_word' id='word_1_188' title='bbox 478 3441 613 3530; x_wconf 91' lang='lat' dir='ltr'>posthac</span> <span class='ocrx_word' id='word_1_189' title='bbox 627 3439 734 3505; x_wconf 90' lang='lat' dir='ltr'>veniet</span> <span class='ocrx_word' id='word_1_190' title='bbox 746 3439 928 3506; x_wconf 87' lang='lat' dir='ltr'>miserabile</span> <span class='ocrx_word' id='word_1_191' title='bbox 942 3439 1076 3520; x_wconf 82' lang='lat' dir='ltr'>Thebis,</span> 
     </span>
    </p>
   </div>
   <div class='ocr_carea' id='block_1_3' title="bbox 233 3632 1358 3954">
    <p class='ocr_par' dir='ltr' id='par_1_15' title="bbox 233 3632 1358 3954">
     <span class='ocr_line' id='line_1_31' title="bbox 234 3632 1355 3702; baseline -0.001 -14"><span class='ocrx_word' id='word_1_192' title='bbox 234 3632 329 3688; x_wconf 72' lang='lat' dir='ltr'>belluna</span> <span class='ocrx_word' id='word_1_193' title='bbox 342 3635 369 3686; x_wconf 89' lang='lat' dir='ltr'>in</span> <span class='ocrx_word' id='word_1_194' title='bbox 382 3633 474 3687; x_wconf 67' lang='lat' dir='ltr'>Gracia</span> <span class='ocrx_word' id='word_1_195' title='bbox 486 3634 640 3687; x_wconf 70' lang='lat' dir='ltr'>murrinum</span> <span class='ocrx_word' id='word_1_196' title='bbox 653 3634 700 3701; x_wconf 84' lang='grc' dir='ltr'>[ιιι</span> <span class='ocrx_word' id='word_1_197' title='bbox 710 3633 984 3701; x_wconf 66' lang='grc' dir='ltr'>Ριιορωιιιιὶιιιιιιιῖ].</span> <span class='ocrx_word' id='word_1_198' title='bbox 1002 3661 1032 3672; x_wconf 93' lang='grc'><strong>-</strong></span> <span class='ocrx_word' id='word_1_199' title='bbox 1045 3637 1086 3684; x_wconf 84' lang='lat' dir='ltr'>tt.</span> <span class='ocrx_word' id='word_1_200' title='bbox 1097 3650 1152 3702; x_wconf 80' lang='lat' dir='ltr'>sqq.</span> <span class='ocrx_word' id='word_1_201' title='bbox 1162 3633 1261 3686; x_wconf 77' lang='lat' dir='ltr'>Decima</span> <span class='ocrx_word' id='word_1_202' title='bbox 1274 3633 1355 3687; x_wconf 83' lang='lat' dir='ltr'>bomi-</span> 
     </span>
     <span class='ocr_line' id='line_1_32' title="bbox 234 3715 1357 3788; baseline -0.002 -16"><span class='ocrx_word' id='word_1_203' title='bbox 234 3735 295 3772; x_wconf 77' lang='lat' dir='ltr'>num</span> <span class='ocrx_word' id='word_1_204' title='bbox 305 3721 471 3786; x_wconf 67' lang='lat' dir='ltr'>gamitone,</span> <span class='ocrx_word' id='word_1_205' title='bbox 486 3719 615 3773; x_wconf 77' lang='lat' dir='ltr'>Persarum</span> <span class='ocrx_word' id='word_1_206' title='bbox 632 3716 765 3787; x_wconf 79' lang='lat' dir='ltr'>dominatio</span> <span class='ocrx_word' id='word_1_207' title='bbox 779 3715 975 3769; x_wconf 76' lang='lat' dir='ltr'>allaeedonibm</span> <span class='ocrx_word' id='word_1_208' title='bbox 993 3719 1158 3785; x_wconf 76' lang='lat' dir='ltr'>opprimetur3</span> <span class='ocrx_word' id='word_1_209' title='bbox 1173 3719 1261 3769; x_wconf 73' lang='lat' dir='ltr'>arulae</span> <span class='ocrx_word' id='word_1_210' title='bbox 1274 3727 1357 3788; x_wconf 70' lang='lat' dir='ltr'>gentes</span> 
     </span>
     <span class='ocr_line' id='line_1_33' title="bbox 233 3801 1358 3872; baseline 0.001 -16"><span class='ocrx_word' id='word_1_211' title='bbox 233 3804 345 3872; x_wconf 67' lang='lat' dir='ltr'>«padam</span> <span class='ocrx_word' id='word_1_212' title='bbox 358 3804 479 3856; x_wconf 70' lang='lat' dir='ltr'>tsedibus</span> <span class='ocrx_word' id='word_1_213' title='bbox 492 3803 576 3854; x_wconf 71' lang='lat' dir='ltr'>minin</span> <span class='ocrx_word' id='word_1_214' title='bbox 587 3802 647 3854; x_wconf 76' lang='lat' dir='ltr'>uin</span> <span class='ocrx_word' id='word_1_215' title='bbox 656 3802 833 3854; x_wconf 75' lang='lat' dir='ltr'>transferentur</span> <span class='ocrx_word' id='word_1_216' title='bbox 845 3801 976 3869; x_wconf 78' lang='lat' dir='ltr'>[admixtis</span> <span class='ocrx_word' id='word_1_217' title='bbox 986 3804 1050 3857; x_wconf 73' lang='lat' dir='ltr'>mle</span> <span class='ocrx_word' id='word_1_218' title='bbox 1061 3804 1091 3854; x_wconf 88' lang='lat' dir='ltr'>de</span> <span class='ocrx_word' id='word_1_219' title='bbox 1103 3802 1169 3855; x_wconf 76' lang='lat' dir='ltr'>Semi</span> <span class='ocrx_word' id='word_1_220' title='bbox 1180 3802 1270 3856; x_wconf 80' lang='lat' dir='ltr'>etlleli</span> <span class='ocrx_word' id='word_1_221' title='bbox 1280 3802 1358 3857; x_wconf 78' lang='lat' dir='ltr'>esitio</span> 
     </span>
     <span class='ocr_line' id='line_1_34' title="bbox 233 3887 657 3954; baseline -0.005 -13"><span class='ocrx_word' id='word_1_222' title='bbox 233 3887 342 3941; x_wconf 65' lang='lat' dir='ltr'>nutu·</span> <span class='ocrx_word' id='word_1_223' title='bbox 360 3887 469 3947; x_wconf 79' lang='lat' dir='ltr'>dnobus,</span> <span class='ocrx_word' id='word_1_224' title='bbox 489 3891 536 3949; x_wconf 83' lang='lat' dir='ltr'>st,</span> <span class='ocrx_word' id='word_1_225' title='bbox 550 3887 604 3954; x_wconf 67' lang='grc' dir='ltr'>«Η.</span> <span class='ocrx_word' id='word_1_226' title='bbox 623 3915 657 3927; x_wconf 94' lang='grc'>-</span> 
     </span>
    </p>
   </div>
   <div class='ocr_carea' id='block_1_4' title="bbox 232 4059 1358 4503">
    <p class='ocr_par' dir='ltr' id='par_1_16' title="bbox 233 4059 1358 4205">
     <span class='ocr_line' id='line_1_35' title="bbox 233 4059 1358 4130; baseline 0.002 -18"><span class='ocrx_word' id='word_1_227' title='bbox 233 4062 381 4130; x_wconf 82' lang='lat' dir='ltr'>tiqnicribns</span> <span class='ocrx_word' id='word_1_228' title='bbox 389 4060 518 4130; x_wconf 77' lang='lat' dir='ltr'>legendnm</span> <span class='ocrx_word' id='word_1_229' title='bbox 526 4076 533 4112; x_wconf 73' lang='grc' dir='ltr'><strong>ε</strong></span> <span class='ocrx_word' id='word_1_230' title='bbox 541 4060 627 4112; x_wconf 83' lang='lat' dir='ltr'>ultime</span> <span class='ocrx_word' id='word_1_231' title='bbox 635 4060 775 4124; x_wconf 72' lang='lat' dir='ltr'>ducrerba,</span> <span class='ocrx_word' id='word_1_232' title='bbox 843 4062 884 4111; x_wconf 86' lang='lat' dir='ltr'>tt.</span> <span class='ocrx_word' id='word_1_233' title='bbox 905 4059 978 4120; x_wconf 81' lang='lat' dir='ltr'>otim,</span> <span class='ocrx_word' id='word_1_234' title='bbox 988 4076 1034 4112; x_wconf 84' lang='lat' dir='ltr'>nec</span> <span class='ocrx_word' id='word_1_235' title='bbox 1048 4060 1083 4111; x_wconf 75' lang='lat' dir='ltr'>ita</span> <span class='ocrx_word' id='word_1_236' title='bbox 1094 4060 1166 4123; x_wconf 84' lang='lat' dir='ltr'>bene,</span> <span class='ocrx_word' id='word_1_237' title='bbox 1177 4062 1317 4115; x_wconf 61' lang='lat' dir='ltr'>utriendi</span> <span class='ocrx_word' id='word_1_238' title='bbox 1330 4079 1358 4114; x_wconf 82' lang='grc' dir='ltr'>τι</span> 
     </span>
     <span class='ocr_line' id='line_1_36' title="bbox 234 4133 1158 4205; baseline -0.003 -16"><span class='ocrx_word' id='word_1_239' title='bbox 234 4141 328 4205; x_wconf 73' lang='grc' dir='ltr'><strong>φαῦλος</strong></span> <span class='ocrx_word' id='word_1_240' title='bbox 341 4139 441 4203; x_wconf 58' lang='lat' dir='ltr'>teitau.</span> <span class='ocrx_word' id='word_1_241' title='bbox 459 4136 517 4188; x_wconf 80' lang='lat' dir='ltr'>novi</span> <span class='ocrx_word' id='word_1_242' title='bbox 531 4137 650 4187; x_wconf 86' lang='lat' dir='ltr'>dederunt</span> <span class='ocrx_word' id='word_1_243' title='bbox 670 4137 741 4187; x_wconf 84' lang='lat' dir='ltr'>codd.</span> <span class='ocrx_word' id='word_1_244' title='bbox 810 4135 902 4201; x_wconf 78' lang='grc' dir='ltr'><strong>μοῦνος</strong></span> <span class='ocrx_word' id='word_1_245' title='bbox 914 4133 931 4187; x_wconf 82' lang='grc' dir='ltr'>ἃ</span> <span class='ocrx_word' id='word_1_246' title='bbox 945 4137 1022 4188; x_wconf 81' lang='grc' dir='ltr'>ποσσὶ</span> <span class='ocrx_word' id='word_1_247' title='bbox 1035 4137 1158 4186; x_wconf 66' lang='lat' dir='ltr'>seesima.</span> 
     </span>
    </p>

    <p class='ocr_par' dir='ltr' id='par_1_17' title="bbox 232 4210 1154 4355">
     <span class='ocr_line' id='line_1_37' title="bbox 268 4210 1154 4281; baseline -0.003 -16"><span class='ocrx_word' id='word_1_248' title='bbox 268 4215 310 4265; x_wconf 74' lang='lat' dir='ltr'>il.</span> <span class='ocrx_word' id='word_1_249' title='bbox 329 4213 394 4264; x_wconf 84' lang='lat' dir='ltr'>Olim</span> <span class='ocrx_word' id='word_1_250' title='bbox 404 4213 647 4281; x_wconf 70' lang='grc' dir='ltr'>σταχυηφὸροωιοιι</span> <span class='ocrx_word' id='word_1_251' title='bbox 655 4211 777 4262; x_wconf 77' lang='lat' dir='ltr'>malefor-</span> <span class='ocrx_word' id='word_1_252' title='bbox 842 4215 884 4262; x_wconf 81' lang='lat' dir='ltr'>st.</span> <span class='ocrx_word' id='word_1_253' title='bbox 904 4210 967 4260; x_wconf 83' lang='lat' dir='ltr'>Olim</span> <span class='ocrx_word' id='word_1_254' title='bbox 985 4211 1154 4277; x_wconf 66' lang='lat' dir='ltr'>ipeotcpr&#39;mc.</span> 
     </span>
     <span class='ocr_line' id='line_1_38' title="bbox 232 4285 1148 4355; baseline -0.004 -15"><span class='ocrx_word' id='word_1_255' title='bbox 232 4287 308 4351; x_wconf 74' lang='lat' dir='ltr'>sim,</span> <span class='ocrx_word' id='word_1_256' title='bbox 319 4298 344 4339; x_wconf 91' lang='lat' dir='ltr'>et</span> <span class='ocrx_word' id='word_1_257' title='bbox 356 4289 641 4355; x_wconf 57' lang='lat' dir='ltr'>siesupramopcpdpov.</span> <span class='ocrx_word' id='word_1_258' title='bbox 842 4289 883 4337; x_wconf 78' lang='grc'>83.</span> <span class='ocrx_word' id='word_1_259' title='bbox 902 4285 966 4336; x_wconf 85' lang='lat' dir='ltr'>Olim</span> <span class='ocrx_word' id='word_1_260' title='bbox 980 4285 1017 4336; x_wconf 77' lang='grc' dir='ltr'>ἐπ’</span> <span class='ocrx_word' id='word_1_261' title='bbox 1026 4287 1148 4345; x_wconf 75' lang='grc' dir='ltr'>ἀλλήλοις.</span> 
     </span>
    </p>

    <p class='ocr_par' dir='ltr' id='par_1_18' title="bbox 232 4360 1308 4503">
     <span class='ocr_line' id='line_1_39' title="bbox 268 4360 1253 4427; baseline -0.003 -13"><span class='ocrx_word' id='word_1_262' title='bbox 268 4367 309 4415; x_wconf 84' lang='lat' dir='ltr'>ts.</span> <span class='ocrx_word' id='word_1_263' title='bbox 328 4363 395 4414; x_wconf 84' lang='lat' dir='ltr'>idem</span> <span class='ocrx_word' id='word_1_264' title='bbox 414 4363 465 4414; x_wconf 82' lang='lat' dir='ltr'>iere</span> <span class='ocrx_word' id='word_1_265' title='bbox 478 4364 509 4413; x_wconf 87' lang='lat' dir='ltr'>de</span> <span class='ocrx_word' id='word_1_266' title='bbox 524 4363 594 4414; x_wconf 83' lang='lat' dir='ltr'>Catia</span> <span class='ocrx_word' id='word_1_267' title='bbox 613 4373 637 4414; x_wconf 89' lang='lat' dir='ltr'>et</span> <span class='ocrx_word' id='word_1_268' title='bbox 655 4363 778 4414; x_wconf 65' lang='lat' dir='ltr'>Euandro</span> <span class='ocrx_word' id='word_1_269' title='bbox 844 4367 885 4414; x_wconf 87' lang='grc'>86.</span> <span class='ocrx_word' id='word_1_270' title='bbox 901 4360 953 4411; x_wconf 78' lang='lat' dir='ltr'>ctr.</span> <span class='ocrx_word' id='word_1_271' title='bbox 964 4378 1045 4427; x_wconf 86' lang='lat' dir='ltr'>supra,</span> <span class='ocrx_word' id='word_1_272' title='bbox 1056 4365 1098 4420; x_wconf 78' lang='lat'>20,</span> <span class='ocrx_word' id='word_1_273' title='bbox 1114 4371 1138 4411; x_wconf 90' lang='lat' dir='ltr'>et</span> <span class='ocrx_word' id='word_1_274' title='bbox 1152 4360 1186 4411; x_wconf 88' lang='lat' dir='ltr'>ibi</span> <span class='ocrx_word' id='word_1_275' title='bbox 1200 4371 1253 4411; x_wconf 88' lang='lat' dir='ltr'>not.</span> 
     </span>
     <span class='ocr_line' id='line_1_40' title="bbox 232 4436 1308 4503; baseline -0.003 -12"><span class='ocrx_word' id='word_1_276' title='bbox 232 4447 335 4491; x_wconf 70' lang='lat' dir='ltr'>metm</span> <span class='ocrx_word' id='word_1_277' title='bbox 349 4436 422 4499; x_wconf 83' lang='lat' dir='ltr'>inira,</span> <span class='ocrx_word' id='word_1_278' title='bbox 439 4440 485 4490; x_wconf 76' lang='grc'>149</span> <span class='ocrx_word' id='word_1_279' title='bbox 497 4454 549 4503; x_wconf 81' lang='lat' dir='ltr'>sqq.</span> <span class='ocrx_word' id='word_1_280' title='bbox 844 4441 885 4487; x_wconf 85' lang='grc'>87.</span> <span class='ocrx_word' id='word_1_281' title='bbox 905 4436 966 4485; x_wconf 87' lang='lat' dir='ltr'>Novi</span> <span class='ocrx_word' id='word_1_282' title='bbox 981 4436 1051 4486; x_wconf 90' lang='lat' dir='ltr'>codd.</span> <span class='ocrx_word' id='word_1_283' title='bbox 1066 4437 1108 4486; x_wconf 77' lang='grc' dir='ltr'>καὶ</span> <span class='ocrx_word' id='word_1_284' title='bbox 1120 4437 1177 4487; x_wconf 74' lang='grc' dir='ltr'>τότε</span> <span class='ocrx_word' id='word_1_285' title='bbox 1189 4438 1308 4502; x_wconf 67' lang='grc' dir='ltr'>Πέρσῃσι.</span> 
     </span>
    </p>
   </div>
   <div class='ocr_carea' id='block_1_5' title="bbox 0 0 1598 5310">
    <p class='ocr_par' dir='ltr' id='par_1_19' title="bbox 0 0 1598 5310">
     <span class='ocr_line' id='line_1_41' title="bbox 0 0 1598 5310; baseline 0 2"><span class='ocrx_word' id='word_1_286' title='bbox 0 0 1598 5310; x_wconf 95' lang='lat' dir='ltr'> </span> 
     </span>
    </p>
   </div>
  </div>
 </body>
</html>
