3186 5310
406 439 690 505 srurttutoauu
711 442 784 505 trs.
805 443 858 517 111,
880 439 899 522 a
918 445 947 504 a.
1195 443 1232 503 aa

207 576 369 645 seducas
383 576 469 641 hune
483 574 578 639 etiam
591 574 690 641 fundo
708 578 871 641 subvertet
889 577 929 640 ab
947 574 1024 641 imo.

121 686 184 781 175
249 687 341 767 Post,
359 682 446 749 aliud
460 705 593 773 regnum
609 682 751 774 incipiet,
768 707 845 774 gens
861 682 1003 748 restibus
1018 682 1102 761 alba,

208 790 380 882 Multiplici
397 789 512 881 cupite,
528 791 661 855 occiduo
677 815 747 881 quar
764 790 858 855 litore
875 813 1008 879 surgens

210 899 273 967 Ibit
290 899 323 964 iu
339 897 509 989 imperium
526 921 690 987 magnum,
710 893 891 988 multusque
908 913 1057 987 potentes

209 1007 360 1087 Subruet,
379 1022 411 1071 et
428 1003 552 1096 trepida
566 1005 687 1095 quatiet
705 1004 875 1070 formidine
888 1029 990 1093 regor.

209 1114 349 1180 Multum
362 1112 481 1203 quippe
497 1135 592 1201 rapax
611 1111 680 1176 auri
697 1112 884 1200 argentique
900 1134 958 1201 per
969 1111 1065 1174 urbes

126 1219 189 1286 180
210 1220 344 1286 Hauriat
362 1247 371 1286 r
390 1235 440 1284 ast
454 1218 523 1283 auri
536 1235 643 1282 tamen
659 1219 846 1308 argentique
859 1240 917 1306 per
935 1219 1031 1282 urbes

212 1326 312 1417 Copia
328 1343 518 1405 succrescet,
538 1325 753 1415 splendorque
768 1323 938 1413 augebitur
952 1323 1051 1389 orbis.

212 1432 368 1499 Mortales
380 1456 458 1522 gens
476 1433 529 1497 illa
544 1449 670 1523 premet
683 1455 692 1515 ;
706 1432 762 1497 sed
774 1430 939 1521 proximus
952 1430 1011 1521 ipsi

213 1538 301 1605 Finis
316 1540 419 1622 adest,
437 1556 506 1605 tum
517 1562 615 1628 quum
632 1539 715 1604 lastu
733 1557 913 1629 turgescere
927 1537 1035 1628 iniquo

213 1645 363 1736 Coeperit.
379 1646 535 1711 luvadent
550 1645 638 1710 illam
650 1646 753 1711 scelus
766 1669 861 1710 omne
877 1644 1041 1735 nefasque,

131 1750 192 1816 185
216 1751 349 1841 Musque
362 1753 442 1817 mari
459 1776 493 1817 se
507 1751 666 1832 miscebit,
681 1770 884 1841 statuentque
899 1752 1056 1842 pudendis

215 1859 253 1924 lu
267 1858 376 1925 lustris
394 1883 523 1950 pueros.
541 1860 582 1923 Et
595 1859 656 1925 erit
667 1877 744 1924 tunc
760 1883 945 1948 magnaper
961 1862 1075 1924 urbem

215 1964 376 2031 Pernicies
388 1965 570 2031 hominum.
586 1968 672 2031 Ruet
685 1965 794 2030 omnia
808 1983 840 2030 et
854 1966 961 2031 omnia
974 1965 1099 2055 perdet,

216 2071 274 2136 Nil
292 2088 436 2138 sanctum
454 2090 616 2163 reputans,
633 2072 753 2137 audens
769 2072 997 2163 quodcumque
1010 2070 1137 2158 jubebit

217 2178 334 2267 Turpis
345 2177 492 2244 avarities
502 2196 535 2243 et
550 2178 624 2243 foedi
640 2178 760 2244 insania
777 2179 868 2243 lucri.

135 2305 195 2372 ¹9⁰
218 2283 331 2349 Tristis
343 2285 474 2375 ubique,
490 2285 687 2351 Macedoniae
701 2285 754 2350 sed
766 2284 887 2349 tristior
901 2283 983 2373 agris

175 2470 178 2477 Ι
218 2392 398 2474 Incumbet,
417 2391 614 2480 multumque
629 2390 695 2456 odii
709 2389 872 2470 conflabit,
893 2409 925 2455 et
942 2414 1071 2455 omnem

118 2494 121 2498 ’
217 2497 376 2562 Parturiet
391 2497 547 2582 fraudem,
563 2499 670 2588 proles
686 2497 763 2563 dum
776 2497 910 2587 septima
927 2515 1040 2586 regnet

218 2603 351 2694 AEgypti
363 2627 475 2694 regum
489 2605 544 2694 qui
561 2608 672 2671 Graeca
688 2607 729 2670 ab
747 2604 870 2693 origine
883 2622 1024 2693 surgent.

262 2712 346 2775 Tum
362 2734 438 2776 vero
456 2710 585 2776 exsistet
601 2712 709 2800 magni
722 2713 874 2801 praeclara
892 2713 951 2778 Dei
969 2737 1059 2801 gens,

137 2814 197 2903 195
220 2817 292 2899 Qua
310 2816 392 2882 duce
404 2817 556 2882 mortales
568 2818 675 2883 cuncti
693 2819 774 2883 bene
789 2819 892 2883 virere
907 2819 1041 2884 discent.

219 2921 282 2988 Sed
296 2923 375 2988 mihi
393 2947 450 2988 cur
466 2924 566 2989 menti
582 2928 667 2989 Deus
680 2924 780 3011 injicit
796 2924 859 2989 hoc
873 2950 1002 3016 quoque
1017 2925 1090 3006 fari,

124 3044 128 3049 '
220 3027 306 3112 Quid
320 3029 470 3119 primum,
485 3029 561 3120 quid
577 3031 746 3121 posterius,
763 3055 833 3119 quae
849 3049 932 3096 meta
947 3032 1095 3097 laborum

218 3136 368 3201 Humano
386 3137 507 3226 generi,
526 3161 596 3227 quae
613 3138 675 3202 sint
692 3137 822 3202 exordia
839 3137 987 3203 damnis?

263 3242 407 3308 Primum
421 3243 583 3333 suppliciis
600 3243 722 3335 affliget
734 3244 882 3309 Numinis
897 3245 943 3309 ira

136 3368 197 3411 auo
220 3348 361 3432 Titanas,
375 3350 547 3440 prolesque
563 3352 631 3416 luet
644 3352 790 3415 Saturnia
807 3374 929 3440 poenns,

222 3455 393 3520 Saturnum
411 3456 563 3545 quoniam
579 3456 691 3524 vinclis
708 3474 905 3548 matremque
922 3457 1051 3523 dedere.

222 3560 344 3627 Graecia
355 3579 498 3629 rectores
511 3563 585 3628 hinc
602 3581 651 3629 est
662 3565 813 3631 habitura
829 3567 998 3655 superbos,

223 3669 383 3758 Impurus,
399 3669 453 3759 qui
469 3694 527 3735 neu
544 3671 675 3735 thalami
691 3696 779 3736 sacra
794 3676 877 3760 jura,
893 3695 996 3762 neque
1007 3670 1106 3736 ullam

224 3776 403 3841 Servabunt
415 3778 528 3866 legem.
545 3778 614 3845 Nec
627 3779 694 3864 jam
712 3780 901 3845 mortalibus
919 3780 980 3845 ulla

139 3880 200 3947 205
223 3882 392 3973 Pugnandi
406 3884 544 3973 requies.
565 3884 712 3974 Phrygiis
727 3903 796 3951 turn
808 3888 956 3975 gentibus
970 3887 1066 3950 instat

139 4076 258 4130 Truntitiu
271 4080 302 4131 ad
312 4082 481 4132 resumendam
502 4081 610 4146 gentium
630 4082 800 4149 primererum
823 4084 959 4135 historiam.
980 4110 1009 4119 —
1029 4084 1085 4143 tau,
1100 4095 1153 4145 sqq.
1174 4076 1260 4127 Varia·

139 4177 194 4214 futu
211 4164 326 4233 stirpium
338 4165 500 4217 humanarum
514 4165 672 4231 calamitates,
687 4168 759 4219 initio
773 4169 847 4230 lacto,
862 4169 925 4220 sicut
938 4184 1020 4236 supra,
1035 4164 1195 4217 aTitanibus.
1205 4190 1235 4198 -

142 4341 319 4410 «prophetiam
347 4345 446 4414 Sibylla
464 4367 495 4404 a,
524 4345 567 4395 sed
591 4343 625 4394 ibi
652 4347 683 4396 de
751 4355 806 4403 tut.
827 4352 904 4402 Codd
917 4352 953 4408 τίς
964 4349 985 4400 δ’
998 4351 1061 4418 ἀρχὴ
1073 4349 1169 4399 τούτων
1180 4347 1260 4405 lorea

141 4422 228 4479 thado
250 4427 345 4490 insula,
369 4431 410 4483 hie
430 4433 460 4483 de
475 4430 561 4487 Roma.
583 4429 684 4482 conluto
752 4432 810 4480 200.
830 4428 857 4477 ln
877 4428 925 4478 fine
942 4427 1012 4477 codd.
1036 4445 1064 4490 γε
1078 4441 1129 4474 non
1150 4421 1260 4473 habeut:

141 4504 207 4569 ῬΜ
219 4506 382 4573 ΜΝΡῙΙΙΙΠΙ
396 4524 470 4559 seusu
487 4523 534 4559 uec
549 4506 681 4558 intellecto.
716 4504 808 4555 addidit
821 4504 877 4569 Ops.
893 4505 931 4554 An
945 4520 989 4570 pro
1002 4504 1072 4560 δίκας
1082 4499 1211 4566 legendum
1223 4497 1273 4547 θὲ-.

120 4624 128 4642 ,
143 4576 193 4629 etr.
208 4578 252 4640 xl,
263 4584 326 4645 tst;
341 4583 395 4647 llll,
407 4588 466 4637 268.
718 4584 822 4646 prorue?
834 4579 886 4631 cu.
903 4579 936 4639 ll,
952 4583 993 4631 tt.
