3186 5310
642 438 855 504 PRAEFA'HO.
1262 461 1308 508 vn
1415 422 1420 431 ¹

745 571 857 640 Proles
874 574 951 640 dum
969 578 1103 668 septima
1119 596 1233 671 regnet

282 676 414 768 AEgypti
431 701 543 768 regum
558 678 614 769 qui
628 678 737 746 Graeca
752 683 800 779 ab
812 682 934 773 origine
950 701 1097 774 surgent;

193 785 308 852 iterum
323 809 413 869 vero,
428 794 443 867 5
457 792 490 869 4,
504 812 535 852 v.
552 789 630 870 608,
646 812 715 878 sqq.
733 817 740 854 ε

281 895 390 977 Quum
407 917 509 959 novus
522 895 654 985 AEgypti
668 920 723 961 rex
741 896 895 986 septimus
912 921 986 964 arva
999 897 1134 984 tenebit,

279 1002 439 1092 Septimus
453 1026 584 1094 arogno
598 1002 796 1088 Graecorum,
813 1004 901 1095 quod
918 1029 1013 1095 grave
1028 1005 1122 1071 terris

280 1112 429 1200 imponet
442 1111 607 1200 quondam
620 1113 789 1178 Macedum
804 1113 890 1179 bello
905 1115 1012 1180 inclita
1030 1115 1142 1180 virtus.

190 1216 334 1284 Tertium
350 1219 392 1284 de
406 1242 442 1283 ea
456 1243 492 1284 re
504 1219 737 1304 testimonium,
752 1246 884 1311 prorsus
896 1247 970 1288 cum
984 1221 1049 1288 istis
1063 1246 1163 1288 unum
1176 1244 1306 1305 sonans,

190 1325 264 1416 quia
280 1350 320 1391 ex
333 1342 538 1393 controversa
552 1328 692 1394 sectione
704 1331 908 1412 sumendum,
922 1331 998 1395 alibi
1019 1330 1219 1397 discutietur.
1236 1330 1307 1396 Nec

188 1433 327 1499 multum
341 1436 440 1499 refert
452 1436 605 1524 septimus
617 1436 670 1502 hic
685 1437 815 1527 AEgypti
830 1462 885 1502 rex
905 1437 1034 1504 Graecus
1050 1455 1122 1503 uter
1136 1436 1177 1503 sit
1192 1435 1309 1502 intelli·-

190 1539 326 1627 gendus,
342 1539 554 1626 Philometor,
568 1543 623 1635 qui
636 1543 724 1633 prior
736 1544 796 1610 fuit
807 1545 898 1635 regni
911 1570 1057 1636 compos,
1072 1570 1113 1611 an
1127 1548 1195 1634 ejus
1208 1545 1309 1611 frater

189 1663 265 1713 natu
279 1647 386 1715 minor
400 1650 571 1739 Euergetes
583 1653 628 1731 ll,
643 1653 901 1743 vulgophyscon
910 1653 1062 1744 appellari
1077 1652 1190 1719 solitus
1206 1681 1214 1719 ε
1231 1651 1307 1742 quia

189 1755 344 1847 septimus
361 1744 495 1847 uterque
507 1762 581 1847 jure
597 1758 660 1824 dici
677 1777 794 1849 potest,
815 1760 880 1826 sive
899 1785 1012 1852 regum
1031 1762 1146 1827 seriem
1164 1759 1310 1826 ordiatur

188 1863 368 1930 Alexander
380 1866 529 1956 Magnus,
546 1868 664 1933 Graeoae
677 1867 710 1932 in
724 1868 867 1958 AEgypto
885 1869 1039 1959 dynastiae
1060 1868 1224 1951 conditor,
1241 1867 1307 1935 sive

188 1975 324 2038 nurnero
342 1972 539 2038 excludatur.
558 1976 716 2041 Praeterea
735 1992 861 2041 constat
881 1977 994 2042 ambos
1010 1975 1125 2041 fratres
1137 1975 1233 2041 simul
1245 1975 1306 2041 ali·

188 2080 331 2170 quandiu
344 2104 492 2170 regnasse
511 2081 594 2147 inter
607 2106 709 2147 annos
730 2084 891 2170 ¹7⁰·¹⁶¹li
913 2082 969 2148 sed
987 2107 1069 2149 unus
1086 2101 1179 2148 antea
1197 2083 1307 2149 Philo·

188 2205 305 2271 metor,
322 2211 387 2277 quo
402 2205 545 2277 tempore
563 2190 740 2279 AEgyptum
756 2191 854 2279 Syrus
867 2212 924 2253 rex
938 2189 1127 2269 Antiochus,
1145 2190 1226 2255 infra
1241 2213 1306 2255 non

189 2295 287 2358 semel
301 2294 540 2373 memorandus,
571 2296 748 2383 occupavit.
780 2297 885 2379 Quare
913 2295 1057 2386 plerique
1084 2297 1303 2364 Philometore

189 2401 311 2466 malunt
335 2402 389 2468 hio
415 2425 589 2491 agnoscere
613 2426 622 2468 ι
646 2426 704 2468 cur
723 2403 775 2467 alii
800 2402 925 2468 diverse
942 2403 1111 2486 senserint,
1134 2404 1231 2490 infra,
1246 2404 1303 2471 ubi

189 2530 269 2595 opus
288 2507 359 2589 erit,
379 2507 584 2597 disquiretur.

154 2604 155 2608 ¹
234 2616 275 2679 At
295 2616 474 2704 expressior
495 2631 544 2681 est
567 2615 651 2705 apud
670 2615 827 2706 Sibyllam
851 2602 1006 2706 temporis
1026 2617 1215 2709 designatio,
1232 2618 1303 2703 ubi,

186 2738 260 2811 post
281 2722 417 2788 alterum
447 2723 536 2788 illum
567 2723 608 2789 de
636 2724 773 2813 septimo
798 2747 874 2812 rege
905 2725 1013 2790 locum
1039 2749 1134 2817 supra
1156 2725 1300 2806 citatum,

186 2828 294 2895 statim
312 2829 357 2895 ita
372 2829 531 2919 procedit,
549 2829 628 2912 811,
643 2853 716 2919 sqq.
739 2859 747 2895 ι

275 2939 385 3021 Quum
400 2961 477 3002 vero
493 2961 533 3002 ex
546 2937 623 3003 Asia
637 2961 694 3002 rex
709 2936 837 3027 ingruet
853 2937 925 3026 iste,
939 2937 1046 3028 rapaci

273 3046 334 3111 Par
348 3045 471 3135 aquilae,
484 3045 540 3135 qui
556 3061 658 3110 totam
672 3044 816 3134 equitum
828 3044 1039 3135 peditumque
1053 3044 1187 3111 catervis

273 3153 424 3220 Obducet
435 3172 566 3233 terram,
584 3154 710 3244 franget
722 3154 775 3243 qui
790 3170 903 3220 cuncta
916 3171 1065 3243 ruetque,

274 3262 316 3326 Et
330 3285 463 3350 regnum
478 3262 609 3351 AEgypti
624 3277 818 3351 prosternet,
837 3277 870 3326 et
883 3261 991 3326 omnia
1006 3284 1115 3326 secum

274 3370 463 3459 Asportans,
478 3387 604 3434 vastum
618 3368 761 3434 discedet
774 3369 883 3458 praedo
897 3391 956 3457 per
971 3391 1091 3457 aequor.

188 3479 237 3542 An
249 3476 364 3542 melius
378 3475 504 3542 deliniri
521 3492 648 3565 poterat
659 3475 810 3540 Antiochi
832 3473 1007 3565 Epiphania
1025 3475 1123 3566 Syriae
1140 3477 1225 3566 regis
1244 3500 1301 3542 ex·

186 3583 307 3673 peditio
321 3588 436 3674 major,
454 3607 612 3649 annorum
628 3584 783 3673 170·169,
798 3606 860 3672 qua
874 3584 935 3648 sub
949 3582 1168 3650 Philometore
1181 3584 1304 3675 AEgyp-

184 3708 254 3757 tum
269 3692 394 3772 invasit,
419 3709 522 3758 totam
544 3691 724 3782 regionem,
752 3708 884 3782 excepta
901 3691 1106 3775 Alexandria,
1130 3715 1304 3782 regemque

186 3798 292 3890 ipsum
304 3801 352 3866 sui
360 3799 439 3887 juris
451 3802 540 3884 fecit,
548 3817 713 3892 postremo
728 3799 829 3865 victor
842 3799 999 3883 discessit,
1016 3799 1144 3865 exuvias
1157 3789 1305 3867 auferens

185 3925 278 3974 terrae
293 3932 351 3999 per
366 3907 530 3975 biennium
546 3932 564 3973 a
582 3932 616 3974 se
639 3930 794 3998 possessae
821 3906 1039 3996 direptosque?
1058 3906 1305 3995 Expeditionem

186 4021 254 4106 ejus
270 4016 551 4103 indicomajorem
569 4044 577 4081 ι
596 4039 671 4082 nam
693 4014 866 4081 secundam
881 4014 996 4079 omitto
1015 4013 1121 4079 dicere
1135 4014 1210 4079 anni
1228 4017 1303 4101 168,

184 4124 313 4215 quaevix
321 4126 447 4215 incepta
457 4129 607 4193 Romanae
616 4123 783 4214 legationis
791 4123 931 4190 adventu
941 4122 1089 4187 frustrata
1100 4139 1159 4202 est,
1172 4147 1305 4214 quaeque

186 4256 205 4298 a
230 4233 351 4298 Nostro
377 4231 469 4321 plane
501 4231 665 4297 reticetur.
699 4233 783 4320 Ipsa,
813 4253 909 4318 quam
933 4229 1111 4310 retulimus,
1136 4229 1303 4319 praedictio

185 4341 336 4431 scriptam
361 4363 394 4404 se
420 4340 514 4405 docet
534 4338 695 4405 Antiocho
717 4338 894 4428 AEgyptum
911 4352 1054 4418 tenente,
1073 4334 1151 4401 dum
1172 4338 1304 4428 abipso

185 4453 235 4517 vel
250 4450 416 4520 obsidetur
430 4450 622 4516 Alexandria
636 4448 686 4513 vel
705 4447 926 4514 imminentem
940 4443 1085 4534 quotidie
1099 4444 1304 4513 obsidionem

187 4559 303 4626 timet:
321 4558 418 4650 paulo
431 4574 539 4626 autern
558 4556 662 4626 serius
677 4553 873 4646 divulgatam
892 4574 1024 4619 necesse
1037 4569 1100 4633 eat,
1124 4576 1226 4644 quum
1247 4576 1305 4619 rex
