3186 5310
477 422 759 487 SlBYbLb'lOliUM
778 426 849 486 LlB.
873 424 910 484 V.
1194 428 1244 486 161

222 554 392 622 AEternum
408 555 538 620 tandem
557 578 711 646 agnosces
726 555 759 620 in
770 555 911 622 nubibus
927 555 1008 622 altis.

223 666 271 729 Eu
288 663 343 728 ubi
360 649 446 727 nuno
462 663 629 753 plusquam
647 662 787 728 humano
800 663 958 754 turgentia
973 663 1055 727 fastu

221 771 376 836 Pectora?
390 771 473 834 Nam
485 769 601 835 sanctis
618 770 696 835 olim
707 771 789 834 mala
802 787 919 859 quanta
934 770 1047 850 tulisti,

221 879 257 941 ln
270 894 362 942 natos
378 877 532 940 bacchata
548 900 638 942 meos
650 871 799 941 divinit'us
818 892 945 955 unctos,

153 1006 197 1070 7⁰
220 986 322 1048 Tanta
338 982 397 1048 tibi
414 983 513 1070 poenis
532 983 698 1048 saevissima
713 982 826 1049 reddet
841 983 981 1048 alumna.

221 1092 305 1155 Tum
319 1089 442 1180 superis
455 1113 569 1154 vanam
588 1114 657 1155 esse
675 1090 772 1157 lidem
784 1090 893 1156 delusa
907 1089 1060 1179 quereris.

217 1197 356 1286 Delapsa
375 1220 414 1260 ex
428 1197 533 1279 astris,
545 1200 610 1284 jam
624 1221 692 1262 non
704 1197 745 1262 ad
759 1196 862 1261 sidera
878 1220 1001 1286 surges.

263 1306 425 1367 Hactenus
438 1304 580 1393 AEgypto
594 1303 687 1389 jussit
701 1306 786 1368 Deus
798 1303 905 1368 omnia
924 1303 981 1368 lari

218 1412 358 1499 Tempus
375 1409 416 1474 ad
429 1425 622 1492 extremum,
643 1409 697 1474 fiet
713 1433 813 1498 quum
830 1409 963 1497 pessima
978 1410 1098 1500 proles.

149 1515 192 1601 75
217 1518 343 1580 Interea
359 1515 477 1580 durant
488 1515 609 1597 miseri,
632 1516 778 1604 graviora-
791 1533 966 1597 manentes,

216 1624 303 1688 Dum
319 1647 375 1687 rex
389 1623 572 1704 altitonans,
591 1622 668 1687 dum
683 1646 817 1711 magnus
835 1622 941 1687 saeviat
954 1623 1051 1688 ultor.

217 1729 345 1817 Proque
362 1731 431 1793 Deo
448 1729 581 1817 lapides,
598 1752 724 1793 necnon
741 1728 888 1794 animalia
905 1729 1024 1808 multis,

215 1835 317 1900 Multa
336 1835 446 1900 colunt
458 1834 582 1900 diversa
598 1834 716 1917 modis,
735 1851 768 1900 ct
781 1859 861 1900 vana
877 1852 1026 1901 verentur

214 1941 367 2023 Numina,
384 1942 474 2031 queis
488 1966 547 2006 nec
560 1966 651 2006 mens
663 1965 722 2007 uec
736 1942 844 2031 lingua
861 1959 910 2006 est
923 1942 986 2006 ulla
999 1966 1057 2006 nec
1074 1940 1171 2022 auris,

149 2050 193 2112 80
218 2051 297 2131 Quae
313 2049 391 2114 mihi
407 2049 456 2113 vel
475 2072 655 2113 memorare
667 2048 769 2130 nefas,
787 2064 819 2112 et
834 2047 921 2137 sigua
941 2047 1046 2113 fabrili

215 2157 312 2221 Facta
329 2179 436 2222 manu.
455 2157 536 2220 Nam
550 2178 632 2244 quos
644 2154 807 2245 propriam
821 2154 979 2218 excudere
991 2178 1049 2244 per
1063 2172 1177 2235 artem,

217 2261 322 2326 Insani
338 2261 427 2326 divos
444 2276 606 2349 reputant,
626 2261 667 2325 de
681 2283 857 2342 marmore,
879 2260 978 2346 lign0,

214 2369 305 2449 AEre,
322 2367 371 2431 vel
386 2383 518 2457 argento
535 2366 639 2445 fictos,
659 2366 765 2432 aurive
781 2366 925 2447 metallo,

215 2473 397 2556 Exanimes,
413 2473 540 2550 surdos,
556 2471 711 2537 conflatos
726 2473 814 2562 igne3
833 2497 954 2562 suoque

148 2581 191 2648 85
214 2580 361 2668 Affigunt
373 2579 463 2669 operi
479 2603 568 2667 spem
585 2603 697 2644 vanam
715 2597 748 2643 et
762 2579 867 2643 inania
882 2596 969 2647 vota.

258 2687 458 2776 Tbmu'isque
473 2687 619 2774 Xu‘isque
629 2687 737 2771 jacent
752 2713 759 2750 :
778 2685 959 2773 infringitur
971 2686 1040 2750 aula

118 2879 120 2882 Α
216 2793 375 2874 Herculis,
388 2810 421 2857 et
435 2792 541 2880 magni
554 2792 640 2855 lovis
653 2790 747 2872 atria,
762 2792 990 2881 Mercuriique.

214 2902 261 2963 Te
280 2924 419 2989 quoque,
436 2897 640 2979 Alexandria,
658 2897 763 2961 virum
779 2898 985 2962 celeberrima
999 2898 1118 2979 nutrix,

214 3009 261 3070 Te
276 3031 341 3071 non
359 3006 485 3071 deficiet
500 3005 633 3084 bellum,
647 3027 819 3092 poenasque
831 3004 959 3092 superbi

110 3116 120 3127 “
147 3135 190 3200 90
215 3113 345 3202 Imperii
360 3113 464 3194 dabis,
480 3129 512 3176 et
526 3111 682 3175 scelerum
700 3134 908 3198 quaecumque
920 3112 1062 3200 patrasti.

212 3221 315 3285 Multa
333 3243 389 3309 per
407 3219 501 3307 inque
520 3202 623 3281 ilicem
639 3216 805 3281 redeuntia
823 3217 914 3281 sraela
933 3217 1083 3283 silebis...

213 3327 282 3391 Nec
295 3330 361 3414 jam
377 3341 464 3415 grata
479 3323 577 3388 lluent
594 3322 651 3388 tibi
668 3322 781 3412 pocula
808 3371 816 3386 .
852 3371 860 3386 .
887 3372 895 3388 .
921 3374 928 3389 .
960 3372 967 3389 .
997 3373 1005 3388 .
1032 3376 1039 3389 .

123 3628 212 3680 naith.
220 3645 274 3694 cap.
288 3632 324 3686 11,
335 3646 358 3677 ν.
368 3630 409 3677 23.
418 3626 536 3677 Recurrat
543 3627 610 3693 prius
622 3626 666 3675 he·
731 3628 771 3675 80.
790 3626 818 3675 ln
832 3626 880 3676 line
893 3627 952 3692 quid
966 3630 1108 3695 suppleatur
1120 3629 1241 3683 incertum

124 3704 191 3754 mist.
202 3703 228 3752 iu
236 3703 327 3754 ultimis
333 3702 514 3770 quatuorlibris
527 3719 577 3751 non
585 3702 665 3750 semel.
696 3710 731 3751 est
747 3717 752 3749 :
766 3700 866 3751 fortasse
875 3704 896 3752 τ’
907 3706 936 3753 οὐ
950 3705 1019 3767 λιμὸς
1027 3707 1064 3754 vel
1074 3706 1094 3754 τ’
1104 3709 1133 3757 οὐ
1144 3710 1239 3772 λοιμός,

160 3783 200 3843 15,
215 3795 268 3845 sqq.
281 3779 424 3845 Desumptus
438 3780 525 3828 locuse
540 3777 667 3838 Prooemio,
697 3785 722 3826 et
734 3776 816 3827 statim
827 3779 869 3826 sal
881 3779 912 3828 σὺ
922 3780 991 3835 δίνας
1001 3797 1038 3842 γι,
1051 3790 1078 3830 ut
1089 3780 1134 3843 lll,
1150 3785 1209 3834 200.

124 3856 167 3916 00,
182 3871 235 3920 sqq.
732 3853 773 3901 00.
789 3852 865 3902 Codd.
878 3854 941 3910 δ’ὡς
952 3857 1000 3905 ὅσα
1012 3872 1040 3917 γι
1054 3857 1091 3906 vel
1103 3858 1124 3906 δ’
1135 3862 1168 3915 ὡς
1178 3862 1243 3911 ὄσσα

160 3933 199 3981 11.
216 3933 253 3980 An
261 3929 411 3979 meliusnam
422 3929 480 3995 Ops.
492 3929 545 3977 ἀντὶ
559 3931 643 3980 Orati?
698 3944 736 3991 γι,
747 3927 789 3977 ubi
800 3944 843 3977 nos
852 3931 938 3986 δώσεις
946 3946 977 3979 ex
985 3929 1057 3979 simili
1070 3933 1123 3982 loco
1135 3934 1199 3985 inira
1208 3937 1243 3986 le·

160 4008 201 4058 10.
219 4005 297 4056 codd.
317 4006 346 4055 oti
360 4005 441 4068 λόγος,
462 4003 513 4052 siue
523 3997 567 4062 οἷς,
581 4013 667 4054 trunco
698 4004 784 4068 gendo,
799 4007 854 4066 100,
867 4020 904 4069 sq.

123 4097 208 4131 vanu:
219 4097 283 4130 corr.
295 4080 352 4147 Ops.
734 4081 773 4128 01.
792 4078 819 4127 lu
840 4080 887 4128 siue
901 4081 1013 4130 lacunam
1032 4083 1170 4134 notavimus
1189 4097 1242 4152 post

159 4159 200 4207 80.
218 4157 293 4206 Codd.
302 4159 406 4206 εἰδώλων
415 4173 442 4205 τε
454 4156 556 4204 ἕκαστα,
700 4155 816 4217 νόστιμον
826 4149 903 4218 ἦμαρ,
920 4177 932 4199 «ι
944 4155 1008 4204 diem
1024 4157 1115 4208 reditus
1123 4177 1164 4209 seu
1181 4164 1244 4212 saln-

160 4235 201 4282 00.
213 4232 297 4292 13000.
313 4234 402 4298 βουλή,
430 4245 537 4297 proquo
552 4246 594 4278 nos
608 4232 668 4288 αὐλή
702 4228 732 4277 tis
745 4250 768 4291 ν,
790 4230 855 4293 quod
872 4240 908 4279 est
919 4231 1022 4279 Homero
1037 4231 1063 4280 in
1077 4234 1180 4301 Odyssea
1195 4236 1243 4286 irc·

125 4305 284 4373 conjecimus.
699 4319 789 4367 quem,
802 4314 826 4353 et
839 4304 904 4370 apud
918 4305 1034 4370 Sibyllam
1047 4306 1111 4357 inira
1124 4321 1242 4374 recurret,

161 4385 202 4432 01,
222 4382 250 4432 ln
260 4381 308 4431 line
317 4382 396 4449 suppl.
408 4381 523 4437 ἄνακτος.
702 4383 760 4431 518.
774 4377 819 4428 llic
831 4395 888 4428 vero
897 4381 1057 4447 supplendum
1071 4385 1117 4448 οὺχ
1129 4387 1187 4442 tta<
1201 4403 1244 4437 seu

161 4460 202 4506 08.
219 4457 303 4507 luline
311 4459 391 4523 suppl.
402 4459 510 4513 πολήων,
521 4456 585 4521 quod
596 4455 668 4504 etiam
700 4453 777 4503 simile
790 4453 858 4518 quid.

126 4531 249 4598 integrum
261 4531 368 4592 dabitur,
383 4531 425 4590 111,
436 4534 483 4580 tal
498 4542 522 4580 et
537 4534 594 4580 ³02.
733 4531 772 4578 02.
791 4528 907 4592 Sequitur
919 4531 1006 4580 lacuna
1018 4533 1194 4596 grandiuscula.

1081 4629 1113 4687 ll
