<?xml version="1.0" encoding="UTF-8"?>
<!DOCTYPE html PUBLIC "-//W3C//DTD XHTML 1.0 Transitional//EN"
    "http://www.w3.org/TR/xhtml1/DTD/xhtml1-transitional.dtd">
<html xmlns="http://www.w3.org/1999/xhtml" xml:lang="en" lang="en">
 <head>
  <title>
</title>
<meta http-equiv="Content-Type" content="text/html;charset=utf-8" />
  <meta name='ocr-system' content='tesseract 3.04.00' />
  <meta name='ocr-capabilities' content='ocr_page ocr_carea ocr_par ocr_line ocrx_word'/>
</head>
<body>
  <div class='ocr_page' id='page_1' title='image "./oraculasibyllin00alexgoog/oraculasibyllin00alexgoog_0337.png"; bbox 0 0 3186 5310; ppageno 0'>
   <div class='ocr_carea' id='block_1_1' title="bbox 448 423 1347 489">
    <p class='ocr_par' dir='ltr' id='par_1_1' title="bbox 448 423 1347 489">
     <span class='ocr_line' id='line_1_1' title="bbox 448 423 1347 489; baseline -0.003 -1"><span class='ocrx_word' id='word_1_1' title='bbox 448 424 724 489; x_wconf 86' lang='lat' dir='ltr'>SlBYLLlNORUM</span> <span class='ocrx_word' id='word_1_2' title='bbox 743 427 815 488; x_wconf 88' lang='lat' dir='ltr'><strong>LIB.</strong></span> <span class='ocrx_word' id='word_1_3' title='bbox 838 427 902 488; x_wconf 87' lang='lat' dir='ltr'>llll.</span> <span class='ocrx_word' id='word_1_4' title='bbox 1181 423 1238 483; x_wconf 77' lang='lat' dir='ltr'>att</span> <span class='ocrx_word' id='word_1_5' title='bbox 1344 469 1347 485; x_wconf 91' lang='lat'><em>.</em></span> 
     </span>
    </p>
   </div>
   <div class='ocr_carea' id='block_1_2' title="bbox 83 558 1177 3207">
    <p class='ocr_par' dir='ltr' id='par_1_2' title="bbox 216 558 1088 864">
     <span class='ocr_line' id='line_1_2' title="bbox 216 558 959 642; baseline -0.003 -16"><span class='ocrx_word' id='word_1_6' title='bbox 216 561 392 626; x_wconf 86' lang='lat' dir='ltr'>Defunctus</span> <span class='ocrx_word' id='word_1_7' title='bbox 403 558 487 642; x_wconf 86' lang='lat' dir='ltr'>satis,</span> <span class='ocrx_word' id='word_1_8' title='bbox 504 582 613 624; x_wconf 88' lang='lat' dir='ltr'>manes</span> <span class='ocrx_word' id='word_1_9' title='bbox 627 559 799 625; x_wconf 83' lang='lat' dir='ltr'>descendet</span> <span class='ocrx_word' id='word_1_10' title='bbox 811 560 851 626; x_wconf 93' lang='lat' dir='ltr'>ad</span> <span class='ocrx_word' id='word_1_11' title='bbox 865 560 959 624; x_wconf 91' lang='lat' dir='ltr'>imos.</span> 
     </span>
     <span class='ocr_line' id='line_1_3' title="bbox 259 664 1083 756; baseline -0.004 -25"><span class='ocrx_word' id='word_1_12' title='bbox 259 666 493 756; x_wconf 82' lang='lat' dir='ltr'><strong>Quinquaginta</strong></span> <span class='ocrx_word' id='word_1_13' title='bbox 508 666 624 732; x_wconf 90' lang='lat' dir='ltr'>debinc</span> <span class='ocrx_word' id='word_1_14' title='bbox 637 667 690 756; x_wconf 93' lang='lat' dir='ltr'>qui</span> <span class='ocrx_word' id='word_1_15' title='bbox 704 666 834 732; x_wconf 88' lang='lat' dir='ltr'>nomine</span> <span class='ocrx_word' id='word_1_16' title='bbox 848 668 965 755; x_wconf 84' lang='lat' dir='ltr'>signat,</span> <span class='ocrx_word' id='word_1_17' title='bbox 981 664 1083 730; x_wconf 91' lang='lat' dir='ltr'>adibit</span> 
     </span>
     <span class='ocr_line' id='line_1_4' title="bbox 220 771 1088 864; baseline -0.006 -25"><span class='ocrx_word' id='word_1_18' title='bbox 220 775 406 864; x_wconf 86' lang='lat' dir='ltr'>Imperium,</span> <span class='ocrx_word' id='word_1_19' title='bbox 419 771 468 837; x_wconf 87' lang='lat' dir='ltr'>vir</span> <span class='ocrx_word' id='word_1_20' title='bbox 483 795 596 856; x_wconf 86' lang='lat' dir='ltr'>saevus,</span> <span class='ocrx_word' id='word_1_21' title='bbox 610 790 714 860; x_wconf 86' lang='lat' dir='ltr'>atrox,</span> <span class='ocrx_word' id='word_1_22' title='bbox 730 775 890 862; x_wconf 83' lang='lat' dir='ltr'>urbesque</span> <span class='ocrx_word' id='word_1_23' title='bbox 904 795 963 862; x_wconf 89' lang='lat' dir='ltr'>per</span> <span class='ocrx_word' id='word_1_24' title='bbox 976 792 1088 836; x_wconf 85' lang='lat' dir='ltr'>omnes</span> 
     </span>
    </p>

    <p class='ocr_par' dir='ltr' id='par_1_3' title="bbox 150 873 1143 1398">
     <span class='ocr_line' id='line_1_5' title="bbox 150 873 1131 970; baseline -0.007 -23"><span class='ocrx_word' id='word_1_25' title='bbox 150 883 191 947; x_wconf 90' lang='lat'>80</span> <span class='ocrx_word' id='word_1_26' title='bbox 213 883 304 947; x_wconf 89' lang='lat' dir='ltr'>Clara</span> <span class='ocrx_word' id='word_1_27' title='bbox 316 880 432 970; x_wconf 89' lang='lat' dir='ltr'>opibus</span> <span class='ocrx_word' id='word_1_28' title='bbox 444 879 547 969; x_wconf 89' lang='lat' dir='ltr'>capita</span> <span class='ocrx_word' id='word_1_29' title='bbox 565 879 728 945; x_wconf 84' lang='lat' dir='ltr'>exscindet</span> <span class='ocrx_word' id='word_1_30' title='bbox 741 878 988 970; x_wconf 88' lang='lat' dir='ltr'>quamplurima,</span> <span class='ocrx_word' id='word_1_31' title='bbox 1001 873 1131 966; x_wconf 81' lang='lat' dir='ltr'>se&#39;rpens</span> 
     </span>
     <span class='ocr_line' id='line_1_6' title="bbox 214 984 1143 1075; baseline -0.004 -24"><span class='ocrx_word' id='word_1_32' title='bbox 214 987 364 1067; x_wconf 83' lang='lat' dir='ltr'>Callidus,</span> <span class='ocrx_word' id='word_1_33' title='bbox 378 985 526 1074; x_wconf 89' lang='lat' dir='ltr'>improba</span> <span class='ocrx_word' id='word_1_34' title='bbox 539 1010 642 1069; x_wconf 90' lang='lat' dir='ltr'>mens,</span> <span class='ocrx_word' id='word_1_35' title='bbox 655 989 790 1053; x_wconf 83' lang='lat' dir='ltr'>verbum</span> <span class='ocrx_word' id='word_1_36' title='bbox 800 989 908 1070; x_wconf 84' lang='lat' dir='ltr'>breve,</span> <span class='ocrx_word' id='word_1_37' title='bbox 922 984 1038 1075; x_wconf 88' lang='lat' dir='ltr'>pollice</span> <span class='ocrx_word' id='word_1_38' title='bbox 1050 1004 1143 1048; x_wconf 88' lang='lat' dir='ltr'>verso</span> 
     </span>
     <span class='ocr_line' id='line_1_7' title="bbox 216 1093 1059 1183; baseline -0.001 -24"><span class='ocrx_word' id='word_1_39' title='bbox 216 1094 405 1159; x_wconf 89' lang='lat' dir='ltr'>lnterimens</span> <span class='ocrx_word' id='word_1_40' title='bbox 418 1093 578 1177; x_wconf 87' lang='lat' dir='ltr'>homines,</span> <span class='ocrx_word' id='word_1_41' title='bbox 594 1093 717 1183; x_wconf 86' lang='lat' dir='ltr'>agitans</span> <span class='ocrx_word' id='word_1_42' title='bbox 731 1094 916 1174; x_wconf 87' lang='lat' dir='ltr'>certamina,</span> <span class='ocrx_word' id='word_1_43' title='bbox 936 1117 1059 1170; x_wconf 87' lang='lat' dir='ltr'>currus,</span> 
     </span>
     <span class='ocr_line' id='line_1_8' title="bbox 214 1200 1131 1291; baseline -0.004 -26"><span class='ocrx_word' id='word_1_44' title='bbox 214 1203 335 1266; x_wconf 90' lang='lat' dir='ltr'>Cuncta</span> <span class='ocrx_word' id='word_1_45' title='bbox 347 1201 453 1265; x_wconf 84' lang='lat' dir='ltr'>ferens</span> <span class='ocrx_word' id='word_1_46' title='bbox 465 1201 667 1290; x_wconf 83' lang='lat' dir='ltr'>rapiensque,</span> <span class='ocrx_word' id='word_1_47' title='bbox 680 1202 761 1267; x_wconf 90' lang='lat' dir='ltr'>nihil</span> <span class='ocrx_word' id='word_1_48' title='bbox 773 1201 827 1291; x_wconf 93' lang='lat' dir='ltr'>qni</span> <span class='ocrx_word' id='word_1_49' title='bbox 836 1201 960 1290; x_wconf 87' lang='lat' dir='ltr'>linquet</span> <span class='ocrx_word' id='word_1_50' title='bbox 973 1200 1131 1264; x_wconf 91' lang='lat' dir='ltr'>inausum.</span> 
     </span>
     <span class='ocr_line' id='line_1_9' title="bbox 216 1307 1020 1398; baseline -0.001 -25"><span class='ocrx_word' id='word_1_51' title='bbox 216 1312 247 1373; x_wconf 91' lang='lat' dir='ltr'>ls</span> <span class='ocrx_word' id='word_1_52' title='bbox 261 1325 405 1373; x_wconf 89' lang='lat' dir='ltr'>montem</span> <span class='ocrx_word' id='word_1_53' title='bbox 417 1307 518 1373; x_wconf 88' lang='lat' dir='ltr'>findet</span> <span class='ocrx_word' id='word_1_54' title='bbox 530 1308 700 1391; x_wconf 82' lang='lat' dir='ltr'>bimarem,</span> <span class='ocrx_word' id='word_1_55' title='bbox 714 1309 877 1398; x_wconf 86' lang='lat' dir='ltr'>tingetque</span> <span class='ocrx_word' id='word_1_56' title='bbox 889 1331 1020 1385; x_wconf 75' lang='lat' dir='ltr'>cruore,</span> 
     </span>
    </p>

    <p class='ocr_par' dir='ltr' id='par_1_4' title="bbox 151 1413 1083 1611">
     <span class='ocr_line' id='line_1_10' title="bbox 151 1413 1051 1504; baseline -0.004 -24"><span class='ocrx_word' id='word_1_57' title='bbox 151 1416 192 1481; x_wconf 88' lang='lat'>85</span> <span class='ocrx_word' id='word_1_58' title='bbox 216 1416 404 1504; x_wconf 89' lang='lat' dir='ltr'>ltalicasque</span> <span class='ocrx_word' id='word_1_59' title='bbox 420 1432 545 1504; x_wconf 85' lang='lat' dir='ltr'>premet</span> <span class='ocrx_word' id='word_1_60' title='bbox 559 1413 678 1504; x_wconf 89' lang='lat' dir='ltr'>duplici</span> <span class='ocrx_word' id='word_1_61' title='bbox 691 1417 750 1480; x_wconf 92' lang='lat' dir='ltr'>sub</span> <span class='ocrx_word' id='word_1_62' title='bbox 767 1414 911 1504; x_wconf 88' lang='lat' dir='ltr'>pondere</span> <span class='ocrx_word' id='word_1_63' title='bbox 928 1429 1051 1502; x_wconf 84' lang='lat' dir='ltr'>gentes,</span> 
     </span>
     <span class='ocr_line' id='line_1_11' title="bbox 216 1518 1083 1611; baseline -0.002 -27"><span class='ocrx_word' id='word_1_64' title='bbox 216 1523 320 1609; x_wconf 88' lang='lat' dir='ltr'>Seque</span> <span class='ocrx_word' id='word_1_65' title='bbox 335 1522 432 1587; x_wconf 90' lang='lat' dir='ltr'>deum</span> <span class='ocrx_word' id='word_1_66' title='bbox 444 1521 589 1609; x_wconf 89' lang='lat' dir='ltr'>imponet</span> <span class='ocrx_word' id='word_1_67' title='bbox 603 1520 743 1611; x_wconf 90' lang='lat' dir='ltr'>populis,</span> <span class='ocrx_word' id='word_1_68' title='bbox 759 1520 912 1609; x_wconf 86' lang='lat' dir='ltr'>falletque</span> <span class='ocrx_word' id='word_1_69' title='bbox 927 1518 1083 1584; x_wconf 73' lang='lat' dir='ltr'>volentes.</span> 
     </span>
    </p>

    <p class='ocr_par' dir='ltr' id='par_1_5' title="bbox 216 1612 1071 1926">
     <span class='ocr_line' id='line_1_12' title="bbox 216 1612 934 1717; baseline -0.001 -25"><span class='ocrx_word' id='word_1_70' title='bbox 216 1630 282 1692; x_wconf 79' lang='lat' dir='ltr'>Pax</span> <span class='ocrx_word' id='word_1_71' title='bbox 294 1621 401 1692; x_wconf 90' lang='lat' dir='ltr'>tamen</span> <span class='ocrx_word' id='word_1_72' title='bbox 416 1627 449 1692; x_wconf 90' lang='lat' dir='ltr'>in</span> <span class='ocrx_word' id='word_1_73' title='bbox 466 1628 558 1692; x_wconf 88' lang='lat' dir='ltr'>terris</span> <span class='ocrx_word' id='word_1_74' title='bbox 569 1627 625 1692; x_wconf 90' lang='lat' dir='ltr'>illo</span> <span class='ocrx_word' id='word_1_75' title='bbox 638 1612 790 1716; x_wconf 81' lang='lat' dir='ltr'>regnante</span> <span class='ocrx_word' id='word_1_76' title='bbox 803 1627 934 1717; x_wconf 86' lang='lat' dir='ltr'>vigebit,</span> 
     </span>
     <span class='ocr_line' id='line_1_13' title="bbox 216 1735 1026 1823; baseline -0.002 -24"><span class='ocrx_word' id='word_1_77' title='bbox 216 1735 452 1823; x_wconf 86' lang='lat' dir='ltr'>Subsidentque</span> <span class='ocrx_word' id='word_1_78' title='bbox 464 1753 552 1799; x_wconf 92' lang='lat' dir='ltr'>metu</span> <span class='ocrx_word' id='word_1_79' title='bbox 566 1735 713 1800; x_wconf 90' lang='lat' dir='ltr'>mortalia</span> <span class='ocrx_word' id='word_1_80' title='bbox 728 1735 835 1801; x_wconf 88' lang='lat' dir='ltr'>corda.</span> <span class='ocrx_word' id='word_1_81' title='bbox 853 1737 1026 1799; x_wconf 87' lang='lat' dir='ltr'>Remotnm</span> 
     </span>
     <span class='ocr_line' id='line_1_14' title="bbox 217 1839 1071 1926; baseline -0.001 -22"><span class='ocrx_word' id='word_1_82' title='bbox 217 1841 330 1905; x_wconf 90' lang='lat' dir='ltr'>Victor</span> <span class='ocrx_word' id='word_1_83' title='bbox 341 1842 382 1907; x_wconf 94' lang='lat' dir='ltr'>ad</span> <span class='ocrx_word' id='word_1_84' title='bbox 395 1844 573 1926; x_wconf 87' lang='lat' dir='ltr'>Oceanum,</span> <span class='ocrx_word' id='word_1_85' title='bbox 588 1842 728 1908; x_wconf 87' lang='lat' dir='ltr'>instabili</span> <span class='ocrx_word' id='word_1_86' title='bbox 748 1842 904 1909; x_wconf 86' lang='lat' dir='ltr'>remeabit</span> <span class='ocrx_word' id='word_1_87' title='bbox 920 1843 961 1906; x_wconf 89' lang='lat' dir='ltr'>ab</span> <span class='ocrx_word' id='word_1_88' title='bbox 975 1839 1071 1906; x_wconf 84' lang='lat' dir='ltr'>unda.</span> 
     </span>
    </p>

    <p class='ocr_par' dir='ltr' id='par_1_6' title="bbox 83 1946 1048 2038">
     <span class='ocr_line' id='line_1_15' title="bbox 83 1946 1048 2038; baseline -0.002 -26"><span class='ocrx_word' id='word_1_89' title='bbox 83 2017 89 2029; x_wconf 52' lang='lat'>,</span> <span class='ocrx_word' id='word_1_90' title='bbox 151 1972 193 2035; x_wconf 89' lang='lat'>90</span> <span class='ocrx_word' id='word_1_91' title='bbox 217 1950 338 2013; x_wconf 86' lang='lat' dir='ltr'>Cuncta</span> <span class='ocrx_word' id='word_1_92' title='bbox 350 1948 449 2013; x_wconf 91' lang='lat' dir='ltr'>oculis</span> <span class='ocrx_word' id='word_1_93' title='bbox 468 1948 721 2038; x_wconf 73' lang='lat' dir='ltr'>circumspiciet3</span> <span class='ocrx_word' id='word_1_94' title='bbox 737 1948 912 2014; x_wconf 88' lang='lat' dir='ltr'>certamina</span> <span class='ocrx_word' id='word_1_95' title='bbox 930 1946 1048 2037; x_wconf 85' lang='lat' dir='ltr'>passim</span> 
     </span>
    </p>

    <p class='ocr_par' dir='ltr' id='par_1_7' title="bbox 215 2053 1083 2461">
     <span class='ocr_line' id='line_1_16' title="bbox 215 2053 1006 2143; baseline -0.003 -25"><span class='ocrx_word' id='word_1_96' title='bbox 215 2055 412 2143; x_wconf 84' lang='lat' dir='ltr'>Praemiaque</span> <span class='ocrx_word' id='word_1_97' title='bbox 424 2054 567 2119; x_wconf 87' lang='lat' dir='ltr'>instituet</span> <span class='ocrx_word' id='word_1_98' title='bbox 578 2054 724 2143; x_wconf 89' lang='lat' dir='ltr'>populis;</span> <span class='ocrx_word' id='word_1_99' title='bbox 744 2054 880 2119; x_wconf 88' lang='lat' dir='ltr'>certabit</span> <span class='ocrx_word' id='word_1_100' title='bbox 895 2053 1006 2142; x_wconf 88' lang='lat' dir='ltr'>etipse</span> 
     </span>
     <span class='ocr_line' id='line_1_17' title="bbox 217 2159 1083 2249; baseline -0.005 -25"><span class='ocrx_word' id='word_1_101' title='bbox 217 2163 306 2225; x_wconf 84' lang='lat' dir='ltr'>Voce</span> <span class='ocrx_word' id='word_1_102' title='bbox 321 2161 459 2249; x_wconf 85' lang='lat' dir='ltr'>lyraeque</span> <span class='ocrx_word' id='word_1_103' title='bbox 474 2184 568 2243; x_wconf 87' lang='lat' dir='ltr'>sono,</span> <span class='ocrx_word' id='word_1_104' title='bbox 584 2160 802 2226; x_wconf 85' lang='lat' dir='ltr'>modulamine</span> <span class='ocrx_word' id='word_1_105' title='bbox 819 2159 921 2225; x_wconf 91' lang='lat' dir='ltr'>clarus</span> <span class='ocrx_word' id='word_1_106' title='bbox 936 2175 1083 2247; x_wconf 92' lang='lat' dir='ltr'>utroque.</span> 
     </span>
     <span class='ocr_line' id='line_1_18' title="bbox 217 2265 979 2356; baseline -0.003 -25"><span class='ocrx_word' id='word_1_107' title='bbox 217 2268 280 2332; x_wconf 87' lang='lat' dir='ltr'>Sed</span> <span class='ocrx_word' id='word_1_108' title='bbox 293 2266 393 2356; x_wconf 85' lang='lat' dir='ltr'>fugiet</span> <span class='ocrx_word' id='word_1_109' title='bbox 407 2266 548 2346; x_wconf 87' lang='lat' dir='ltr'>tandem,</span> <span class='ocrx_word' id='word_1_110' title='bbox 562 2265 652 2356; x_wconf 86' lang='lat' dir='ltr'>regni</span> <span class='ocrx_word' id='word_1_111' title='bbox 668 2266 821 2355; x_wconf 91' lang='lat' dir='ltr'>spoliatus</span> <span class='ocrx_word' id='word_1_112' title='bbox 835 2266 979 2348; x_wconf 88' lang='lat' dir='ltr'>bonore,</span> 
     </span>
     <span class='ocr_line' id='line_1_19' title="bbox 218 2370 970 2461; baseline -0.003 -25"><span class='ocrx_word' id='word_1_113' title='bbox 218 2372 366 2437; x_wconf 88' lang='lat' dir='ltr'>Etmiser</span> <span class='ocrx_word' id='word_1_114' title='bbox 380 2372 477 2454; x_wconf 85' lang='lat' dir='ltr'>exitio</span> <span class='ocrx_word' id='word_1_115' title='bbox 496 2370 582 2461; x_wconf 90' lang='lat' dir='ltr'>turpi</span> <span class='ocrx_word' id='word_1_116' title='bbox 599 2372 718 2437; x_wconf 85' lang='lat' dir='ltr'>scelera</span> <span class='ocrx_word' id='word_1_117' title='bbox 730 2375 838 2436; x_wconf 89' lang='lat' dir='ltr'>omnia</span> <span class='ocrx_word' id='word_1_118' title='bbox 858 2371 970 2436; x_wconf 84' lang='lat' dir='ltr'>solvet.</span> 
     </span>
    </p>

    <p class='ocr_par' dir='ltr' id='par_1_8' title="bbox 152 2474 1177 2865">
     <span class='ocr_line' id='line_1_20' title="bbox 152 2474 1177 2568; baseline -0.006 -23"><span class='ocrx_word' id='word_1_119' title='bbox 152 2479 193 2566; x_wconf 87' lang='lat'>95</span> <span class='ocrx_word' id='word_1_120' title='bbox 263 2481 341 2543; x_wconf 89' lang='lat' dir='ltr'>Tres</span> <span class='ocrx_word' id='word_1_121' title='bbox 355 2474 445 2543; x_wconf 89' lang='lat' dir='ltr'>illum</span> <span class='ocrx_word' id='word_1_122' title='bbox 460 2478 630 2568; x_wconf 85' lang='lat' dir='ltr'>excipient,</span> <span class='ocrx_word' id='word_1_123' title='bbox 648 2502 787 2568; x_wconf 93' lang='lat' dir='ltr'>quorum</span> <span class='ocrx_word' id='word_1_124' title='bbox 798 2478 863 2544; x_wconf 94' lang='lat' dir='ltr'>duo</span> <span class='ocrx_word' id='word_1_125' title='bbox 875 2477 1006 2542; x_wconf 89' lang='lat' dir='ltr'>nomine</span> <span class='ocrx_word' id='word_1_126' title='bbox 1021 2491 1125 2564; x_wconf 89' lang='lat' dir='ltr'>partes</span> <span class='ocrx_word' id='word_1_127' title='bbox 1173 2478 1177 2500; x_wconf 67' lang='lat'>⁸</span> 
     </span>
     <span class='ocr_line' id='line_1_21' title="bbox 219 2585 989 2675; baseline -0.004 -24"><span class='ocrx_word' id='word_1_128' title='bbox 219 2588 371 2675; x_wconf 90' lang='lat' dir='ltr'>Septenas</span> <span class='ocrx_word' id='word_1_129' title='bbox 387 2586 506 2668; x_wconf 89' lang='lat' dir='ltr'>decies,</span> <span class='ocrx_word' id='word_1_130' title='bbox 522 2603 586 2651; x_wconf 90' lang='lat' dir='ltr'>tres</span> <span class='ocrx_word' id='word_1_131' title='bbox 603 2603 729 2652; x_wconf 91' lang='lat' dir='ltr'>tantum</span> <span class='ocrx_word' id='word_1_132' title='bbox 741 2586 854 2652; x_wconf 87' lang='lat' dir='ltr'>tertius</span> <span class='ocrx_word' id='word_1_133' title='bbox 865 2585 989 2675; x_wconf 87' lang='lat' dir='ltr'>implet.</span> 
     </span>
     <span class='ocr_line' id='line_1_22' title="bbox 219 2691 1037 2782; baseline 0 -27"><span class='ocrx_word' id='word_1_134' title='bbox 219 2694 425 2781; x_wconf 83' lang='lat' dir='ltr'>Regnabunt,</span> <span class='ocrx_word' id='word_1_135' title='bbox 441 2716 575 2782; x_wconf 90' lang='lat' dir='ltr'>seseque</span> <span class='ocrx_word' id='word_1_136' title='bbox 592 2693 624 2757; x_wconf 92' lang='lat' dir='ltr'>in</span> <span class='ocrx_word' id='word_1_137' title='bbox 638 2710 749 2759; x_wconf 86' lang='lat' dir='ltr'>mutua</span> <span class='ocrx_word' id='word_1_138' title='bbox 767 2693 878 2757; x_wconf 87' lang='lat' dir='ltr'>funera</span> <span class='ocrx_word' id='word_1_139' title='bbox 891 2691 1037 2774; x_wconf 90' lang='lat' dir='ltr'>trudent,</span> 
     </span>
     <span class='ocr_line' id='line_1_23' title="bbox 220 2798 894 2865; baseline 0.001 -3"><span class='ocrx_word' id='word_1_140' title='bbox 220 2798 374 2863; x_wconf 88' lang='lat' dir='ltr'>Ludibrio</span> <span class='ocrx_word' id='word_1_141' title='bbox 386 2798 654 2865; x_wconf 84' lang='lat' dir='ltr'>Martis&#39;violento</span> <span class='ocrx_word' id='word_1_142' title='bbox 666 2816 698 2864; x_wconf 92' lang='lat' dir='ltr'>et</span> <span class='ocrx_word' id='word_1_143' title='bbox 711 2798 822 2864; x_wconf 87' lang='lat' dir='ltr'>militis</span> <span class='ocrx_word' id='word_1_144' title='bbox 837 2800 894 2864; x_wconf 92' lang='lat' dir='ltr'>ira.</span> 
     </span>
    </p>

    <p class='ocr_par' dir='ltr' id='par_1_9' title="bbox 264 2905 1001 2995">
     <span class='ocr_line' id='line_1_24' title="bbox 264 2905 1001 2995; baseline 0 -26"><span class='ocrx_word' id='word_1_145' title='bbox 264 2905 347 2971; x_wconf 91' lang='lat' dir='ltr'>Hinc</span> <span class='ocrx_word' id='word_1_146' title='bbox 359 2906 438 2971; x_wconf 92' lang='lat' dir='ltr'>alius</span> <span class='ocrx_word' id='word_1_147' title='bbox 454 2905 573 2987; x_wconf 85' lang='lat' dir='ltr'>veniet,</span> <span class='ocrx_word' id='word_1_148' title='bbox 587 2906 690 2971; x_wconf 90' lang='lat' dir='ltr'>clarus</span> <span class='ocrx_word' id='word_1_149' title='bbox 701 2907 795 2971; x_wconf 90' lang='lat' dir='ltr'>nimis</span> <span class='ocrx_word' id='word_1_150' title='bbox 808 2906 860 2970; x_wconf 89' lang='lat' dir='ltr'>ille</span> <span class='ocrx_word' id='word_1_151' title='bbox 872 2906 1001 2995; x_wconf 90' lang='lat' dir='ltr'>piorum</span> 
     </span>
    </p>

    <p class='ocr_par' dir='ltr' id='par_1_10' title="bbox 136 3011 1054 3101">
     <span class='ocr_line' id='line_1_25' title="bbox 136 3011 1054 3101; baseline 0.001 -28"><span class='ocrx_word' id='word_1_152' title='bbox 136 3034 197 3075; x_wconf 91' lang='lat' dir='ltr'>roo</span> <span class='ocrx_word' id='word_1_153' title='bbox 220 3012 366 3095; x_wconf 78' lang='lat' dir='ltr'>Excidio,</span> <span class='ocrx_word' id='word_1_154' title='bbox 381 3012 670 3101; x_wconf 87' lang='lat' dir='ltr'>praestansanimis,</span> <span class='ocrx_word' id='word_1_155' title='bbox 689 3011 838 3101; x_wconf 87' lang='lat' dir='ltr'>belloque</span> <span class='ocrx_word' id='word_1_156' title='bbox 856 3011 1054 3088; x_wconf 86' lang='lat' dir='ltr'>tremendus,</span> 
     </span>
    </p>

    <p class='ocr_par' dir='ltr' id='par_1_11' title="bbox 220 3117 1071 3207">
     <span class='ocr_line' id='line_1_26' title="bbox 220 3117 1071 3207; baseline -0.002 -25"><span class='ocrx_word' id='word_1_157' title='bbox 220 3117 357 3182; x_wconf 90' lang='lat' dir='ltr'>Nomine</span> <span class='ocrx_word' id='word_1_158' title='bbox 371 3118 425 3206; x_wconf 93' lang='lat' dir='ltr'>qui</span> <span class='ocrx_word' id='word_1_159' title='bbox 438 3134 564 3207; x_wconf 90' lang='lat' dir='ltr'>septem</span> <span class='ocrx_word' id='word_1_160' title='bbox 575 3117 712 3183; x_wconf 91' lang='lat' dir='ltr'>decadas</span> <span class='ocrx_word' id='word_1_161' title='bbox 725 3118 910 3190; x_wconf 84' lang='lat' dir='ltr'>manifestus</span> <span class='ocrx_word' id='word_1_162' title='bbox 927 3117 1071 3181; x_wconf 84' lang='lat' dir='ltr'>babebit.</span> 
     </span>
    </p>
   </div>
   <div class='ocr_carea' id='block_1_3' title="bbox 219 3222 1065 3420">
    <p class='ocr_par' dir='ltr' id='par_1_12' title="bbox 219 3222 1065 3420">
     <span class='ocr_line' id='line_1_27' title="bbox 219 3222 1065 3314; baseline -0.001 -27"><span class='ocrx_word' id='word_1_163' title='bbox 219 3223 336 3289; x_wconf 89' lang='lat' dir='ltr'>Perdet</span> <span class='ocrx_word' id='word_1_164' title='bbox 349 3225 533 3300; x_wconf 68' lang='lat' dir='ltr'>Phoenicen,</span> <span class='ocrx_word' id='word_1_165' title='bbox 552 3240 583 3288; x_wconf 89' lang='lat' dir='ltr'>et</span> <span class='ocrx_word' id='word_1_166' title='bbox 598 3241 629 3287; x_wconf 90' lang='lat' dir='ltr'>te</span> <span class='ocrx_word' id='word_1_167' title='bbox 647 3248 790 3314; x_wconf 94' lang='lat' dir='ltr'>quoque,</span> <span class='ocrx_word' id='word_1_168' title='bbox 809 3223 923 3312; x_wconf 86' lang='lat' dir='ltr'>Lydia,</span> <span class='ocrx_word' id='word_1_169' title='bbox 940 3222 1065 3313; x_wconf 86' lang='lat' dir='ltr'>perdet.</span> 
     </span>
     <span class='ocr_line' id='line_1_28' title="bbox 220 3329 920 3420; baseline 0.001 -28"><span class='ocrx_word' id='word_1_170' title='bbox 220 3331 378 3419; x_wconf 90' lang='lat' dir='ltr'>Depascet</span> <span class='ocrx_word' id='word_1_171' title='bbox 390 3330 495 3419; x_wconf 85' lang='lat' dir='ltr'>gladio</span> <span class='ocrx_word' id='word_1_172' title='bbox 509 3347 601 3394; x_wconf 84' lang='lat' dir='ltr'>terrae</span> <span class='ocrx_word' id='word_1_173' title='bbox 616 3329 815 3420; x_wconf 86' lang='lat' dir='ltr'>Solymitidis</span> <span class='ocrx_word' id='word_1_174' title='bbox 826 3353 920 3417; x_wconf 85' lang='lat' dir='ltr'>agros</span> 
     </span>
    </p>
   </div>
   <div class='ocr_carea' id='block_1_4' title="bbox 130 3529 1256 3978">
    <p class='ocr_par' dir='ltr' id='par_1_13' title="bbox 130 3529 1256 3978">
     <span class='ocr_line' id='line_1_29' title="bbox 133 3529 1255 3600; baseline 0.003 -20"><span class='ocrx_word' id='word_1_175' title='bbox 133 3529 224 3580; x_wconf 82' lang='lat' dir='ltr'>Oceani</span> <span class='ocrx_word' id='word_1_176' title='bbox 238 3529 325 3589; x_wconf 85' lang='lat' dir='ltr'>litore,</span> <span class='ocrx_word' id='word_1_177' title='bbox 341 3534 438 3596; x_wconf 83' lang='lat' dir='ltr'>syntaxi</span> <span class='ocrx_word' id='word_1_178' title='bbox 458 3533 518 3583; x_wconf 90' lang='lat' dir='ltr'>licet</span> <span class='ocrx_word' id='word_1_179' title='bbox 542 3533 674 3598; x_wconf 85' lang='lat' dir='ltr'>intricata,</span> <span class='ocrx_word' id='word_1_180' title='bbox 709 3533 744 3583; x_wconf 89' lang='lat' dir='ltr'>tio</span> <span class='ocrx_word' id='word_1_181' title='bbox 755 3543 840 3584; x_wconf 89' lang='lat' dir='ltr'>contra</span> <span class='ocrx_word' id='word_1_182' title='bbox 851 3543 955 3584; x_wconf 81' lang='lat' dir='ltr'>metrum</span> <span class='ocrx_word' id='word_1_183' title='bbox 966 3531 1060 3599; x_wconf 87' lang='lat' dir='ltr'>aliquid</span> <span class='ocrx_word' id='word_1_184' title='bbox 1066 3541 1162 3600; x_wconf 64' lang='lat' dir='ltr'>peccatu</span> <span class='ocrx_word' id='word_1_185' title='bbox 1173 3542 1255 3583; x_wconf 79' lang='lat' dir='ltr'>nostra</span> 
     </span>
     <span class='ocr_line' id='line_1_30' title="bbox 130 3604 888 3673; baseline 0.008 -19"><span class='ocrx_word' id='word_1_186' title='bbox 130 3605 204 3656; x_wconf 81' lang='lat' dir='ltr'>ettin</span> <span class='ocrx_word' id='word_1_187' title='bbox 222 3604 341 3655; x_wconf 85' lang='lat' dir='ltr'>Neronem</span> <span class='ocrx_word' id='word_1_188' title='bbox 355 3607 471 3658; x_wconf 85' lang='lat' dir='ltr'>translato</span> <span class='ocrx_word' id='word_1_189' title='bbox 492 3624 563 3657; x_wconf 88' lang='lat' dir='ltr'>seusu</span> <span class='ocrx_word' id='word_1_190' title='bbox 585 3609 628 3673; x_wconf 91' lang='lat' dir='ltr'>qui</span> <span class='ocrx_word' id='word_1_191' title='bbox 645 3608 676 3656; x_wconf 92' lang='lat' dir='ltr'>li·</span> <span class='ocrx_word' id='word_1_192' title='bbox 711 3619 791 3659; x_wconf 86' lang='lat' dir='ltr'>tamen</span> <span class='ocrx_word' id='word_1_193' title='bbox 803 3610 888 3660; x_wconf 85' lang='lat' dir='ltr'>levius.</span> 
     </span>
     <span class='ocr_line' id='line_1_31' title="bbox 130 3679 1254 3749; baseline 0.004 -20"><span class='ocrx_word' id='word_1_194' title='bbox 130 3679 250 3730; x_wconf 84' lang='lat' dir='ltr'>broVad</span> <span class='ocrx_word' id='word_1_195' title='bbox 259 3681 387 3732; x_wconf 86' lang='lat' dir='ltr'>Claudium</span> <span class='ocrx_word' id='word_1_196' title='bbox 401 3693 466 3734; x_wconf 88' lang='lat' dir='ltr'>recte</span> <span class='ocrx_word' id='word_1_197' title='bbox 475 3682 621 3749; x_wconf 86' lang='lat' dir='ltr'>pertinebat.</span> <span class='ocrx_word' id='word_1_198' title='bbox 641 3686 676 3734; x_wconf 84' lang='lat' dir='ltr'>Ex</span> <span class='ocrx_word' id='word_1_199' title='bbox 743 3688 784 3735; x_wconf 78' lang='lat' dir='ltr'>ut.</span> <span class='ocrx_word' id='word_1_200' title='bbox 805 3685 880 3734; x_wconf 89' lang='lat' dir='ltr'>Codd.</span> <span class='ocrx_word' id='word_1_201' title='bbox 899 3701 948 3734; x_wconf 86' lang='lat' dir='ltr'>una</span> <span class='ocrx_word' id='word_1_202' title='bbox 967 3701 1026 3735; x_wconf 84' lang='lat' dir='ltr'>voce</span> <span class='ocrx_word' id='word_1_203' title='bbox 1046 3685 1180 3740; x_wconf 77' lang='grc' dir='ltr'><strong>ἐπάλλνδις.</strong></span> <span class='ocrx_word' id='word_1_204' title='bbox 1196 3684 1254 3734; x_wconf 77' lang='lat' dir='ltr'>Fre·</span> 
     </span>
     <span class='ocr_line' id='line_1_32' title="bbox 131 3755 1254 3827; baseline 0.005 -23"><span class='ocrx_word' id='word_1_205' title='bbox 131 3755 216 3805; x_wconf 82' lang='lat' dir='ltr'>eodem</span> <span class='ocrx_word' id='word_1_206' title='bbox 229 3758 283 3806; x_wconf 92' lang='lat' dir='ltr'>loco</span> <span class='ocrx_word' id='word_1_207' title='bbox 296 3758 358 3806; x_wconf 86' lang='lat' dir='ltr'>male</span> <span class='ocrx_word' id='word_1_208' title='bbox 372 3758 434 3808; x_wconf 89' lang='lat' dir='ltr'>lecto</span> <span class='ocrx_word' id='word_1_209' title='bbox 449 3776 494 3825; x_wconf 88' lang='lat' dir='ltr'>pro</span> <span class='ocrx_word' id='word_1_210' title='bbox 506 3758 618 3823; x_wconf 81' lang='grc' dir='ltr'>ἄμπωτιν</span> <span class='ocrx_word' id='word_1_211' title='bbox 635 3777 676 3809; x_wconf 88' lang='lat' dir='ltr'>ac·</span> <span class='ocrx_word' id='word_1_212' title='bbox 710 3777 786 3826; x_wconf 87' lang='lat' dir='ltr'>quens</span> <span class='ocrx_word' id='word_1_213' title='bbox 799 3776 857 3810; x_wconf 74' lang='lat' dir='ltr'>vero</span> <span class='ocrx_word' id='word_1_214' title='bbox 871 3761 935 3827; x_wconf 89' lang='lat' dir='ltr'>apud</span> <span class='ocrx_word' id='word_1_215' title='bbox 949 3771 1134 3827; x_wconf 78' lang='lat' dir='ltr'>poetasnostros</span> <span class='ocrx_word' id='word_1_216' title='bbox 1144 3771 1195 3810; x_wconf 90' lang='lat' dir='ltr'>tum</span> <span class='ocrx_word' id='word_1_217' title='bbox 1210 3761 1254 3810; x_wconf 78' lang='lat' dir='ltr'>ai).-</span> 
     </span>
     <span class='ocr_line' id='line_1_33' title="bbox 132 3831 1256 3900; baseline 0.006 -21"><span class='ocrx_word' id='word_1_218' title='bbox 132 3832 198 3896; x_wconf 87' lang='lat' dir='ltr'>cepit</span> <span class='ocrx_word' id='word_1_219' title='bbox 213 3831 299 3882; x_wconf 83' lang='lat' dir='ltr'>Noster</span> <span class='ocrx_word' id='word_1_220' title='bbox 307 3832 408 3893; x_wconf 80' lang='grc' dir='ltr'><strong>ἄτοπον,</strong></span> <span class='ocrx_word' id='word_1_221' title='bbox 422 3834 580 3884; x_wconf 75' lang='lat' dir='ltr'>«iristabilcm</span> <span class='ocrx_word' id='word_1_222' title='bbox 592 3858 615 3899; x_wconf 76' lang='lat' dir='ltr'>a,</span> <span class='ocrx_word' id='word_1_223' title='bbox 631 3835 677 3884; x_wconf 87' lang='lat' dir='ltr'>nisi</span> <span class='ocrx_word' id='word_1_224' title='bbox 710 3838 783 3892; x_wconf 77' lang='grc' dir='ltr'>λυδις,</span> <span class='ocrx_word' id='word_1_225' title='bbox 801 3837 855 3884; x_wconf 85' lang='lat' dir='ltr'>adv.</span> <span class='ocrx_word' id='word_1_226' title='bbox 871 3853 927 3886; x_wconf 89' lang='lat' dir='ltr'>cum</span> <span class='ocrx_word' id='word_1_227' title='bbox 941 3838 1012 3893; x_wconf 70' lang='lat' dir='ltr'>cillo&lt;</span> <span class='ocrx_word' id='word_1_228' title='bbox 1026 3838 1064 3886; x_wconf 81' lang='lat' dir='ltr'>rel</span> <span class='ocrx_word' id='word_1_229' title='bbox 1074 3837 1155 3900; x_wconf 77' lang='grc' dir='ltr'><strong>ἄλλον,</strong></span> <span class='ocrx_word' id='word_1_230' title='bbox 1171 3846 1199 3886; x_wconf 88' lang='lat' dir='ltr'>ut</span> <span class='ocrx_word' id='word_1_231' title='bbox 1216 3853 1256 3886; x_wconf 86' lang='lat' dir='ltr'>tu·</span> 
     </span>
     <span class='ocr_line' id='line_1_34' title="bbox 132 3906 894 3978; baseline 0.008 -24"><span class='ocrx_word' id='word_1_232' title='bbox 132 3906 250 3969; x_wconf 80' lang='lat' dir='ltr'>fallimur,</span> <span class='ocrx_word' id='word_1_233' title='bbox 264 3908 289 3957; x_wconf 94' lang='lat' dir='ltr'>id</span> <span class='ocrx_word' id='word_1_234' title='bbox 302 3918 352 3966; x_wconf 86' lang='lat' dir='ltr'>est,</span> <span class='ocrx_word' id='word_1_235' title='bbox 365 3909 517 3975; x_wconf 85' lang='lat' dir='ltr'>reciprocum</span> <span class='ocrx_word' id='word_1_236' title='bbox 535 3921 619 3960; x_wconf 77' lang='lat' dir='ltr'>ustirm</span> <span class='ocrx_word' id='word_1_237' title='bbox 639 3911 677 3960; x_wconf 92' lang='lat' dir='ltr'>in·</span> <span class='ocrx_word' id='word_1_238' title='bbox 710 3929 764 3978; x_wconf 85' lang='lat' dir='ltr'>pra,</span> <span class='ocrx_word' id='word_1_239' title='bbox 779 3911 820 3962; x_wconf 85' lang='lat' dir='ltr'>xl.</span> <span class='ocrx_word' id='word_1_240' title='bbox 837 3915 894 3962; x_wconf 74' lang='lat'>249.</span> 
     </span>
    </p>
   </div>
   <div class='ocr_carea' id='block_1_5' title="bbox 132 3980 1257 4124">
    <p class='ocr_par' dir='ltr' id='par_1_14' title="bbox 132 3980 1257 4124">
     <span class='ocr_line' id='line_1_35' title="bbox 132 3980 1257 4046; baseline 0.004 -14"><span class='ocrx_word' id='word_1_241' title='bbox 132 3981 249 4046; x_wconf 78' lang='lat' dir='ltr'>telligens.</span> <span class='ocrx_word' id='word_1_242' title='bbox 746 3991 786 4037; x_wconf 79' lang='grc'>99.</span> <span class='ocrx_word' id='word_1_243' title='bbox 804 3987 852 4036; x_wconf 88' lang='lat' dir='ltr'>Pro</span> <span class='ocrx_word' id='word_1_244' title='bbox 867 3980 921 4036; x_wconf 78' lang='lat' dir='ltr'>circi</span> <span class='ocrx_word' id='word_1_245' title='bbox 935 4005 983 4044; x_wconf 76' lang='grc' dir='ltr'>τις.</span> <span class='ocrx_word' id='word_1_246' title='bbox 1003 3986 1074 4037; x_wconf 91' lang='lat' dir='ltr'>codd.</span> <span class='ocrx_word' id='word_1_247' title='bbox 1091 3981 1201 4046; x_wconf 70' lang='grc' dir='ltr'>εἴνατός</span> <span class='ocrx_word' id='word_1_248' title='bbox 1215 3987 1257 4037; x_wconf 87' lang='lat' dir='ltr'>sed</span> 
     </span>
     <span class='ocr_line' id='line_1_36' title="bbox 169 4058 861 4124; baseline 0.009 -18"><span class='ocrx_word' id='word_1_249' title='bbox 169 4060 208 4107; x_wconf 81' lang='grc'>90.</span> <span class='ocrx_word' id='word_1_250' title='bbox 228 4058 278 4108; x_wconf 79' lang='lat' dir='ltr'>Cir.</span> <span class='ocrx_word' id='word_1_251' title='bbox 295 4059 553 4124; x_wconf 78' lang='lat' dir='ltr'>vt11,ttc‚ubijam</span> <span class='ocrx_word' id='word_1_252' title='bbox 571 4061 679 4111; x_wconf 84' lang='lat' dir='ltr'>occurrit</span> <span class='ocrx_word' id='word_1_253' title='bbox 712 4061 804 4120; x_wconf 75' lang='lat' dir='ltr'>ridell,</span> <span class='ocrx_word' id='word_1_254' title='bbox 819 4066 861 4113; x_wconf 79' lang='grc'>36.</span> 
     </span>
    </p>
   </div>
   <div class='ocr_carea' id='block_1_6' title="bbox 133 4133 1257 4577">
    <p class='ocr_par' dir='ltr' id='par_1_15' title="bbox 133 4133 1257 4501">
     <span class='ocr_line' id='line_1_37' title="bbox 133 4133 1255 4204; baseline 0.007 -23"><span class='ocrx_word' id='word_1_255' title='bbox 133 4133 278 4183; x_wconf 72' lang='grc' dir='ltr'><strong>παπταίνων</strong></span> <span class='ocrx_word' id='word_1_256' title='bbox 302 4135 332 4183; x_wconf 92' lang='lat' dir='ltr'>de</span> <span class='ocrx_word' id='word_1_257' title='bbox 357 4134 453 4184; x_wconf 85' lang='lat' dir='ltr'>Nerone</span> <span class='ocrx_word' id='word_1_258' title='bbox 477 4151 482 4184; x_wconf 95' lang='lat'><strong>:</strong></span> <span class='ocrx_word' id='word_1_259' title='bbox 504 4150 587 4182; x_wconf 87' lang='lat' dir='ltr'>rursus</span> <span class='ocrx_word' id='word_1_260' title='bbox 615 4134 679 4183; x_wconf 87' lang='lat' dir='ltr'>idem</span> <span class='ocrx_word' id='word_1_261' title='bbox 749 4142 804 4188; x_wconf 78' lang='lat'>100.</span> <span class='ocrx_word' id='word_1_262' title='bbox 825 4139 902 4188; x_wconf 85' lang='lat' dir='ltr'>Codd.</span> <span class='ocrx_word' id='word_1_263' title='bbox 927 4139 1067 4204; x_wconf 75' lang='grc' dir='ltr'><strong>ἀγχίπαλος,</strong></span> <span class='ocrx_word' id='word_1_264' title='bbox 1087 4139 1168 4204; x_wconf 83' lang='lat' dir='ltr'>ignota</span> <span class='ocrx_word' id='word_1_265' title='bbox 1188 4156 1255 4196; x_wconf 80' lang='lat' dir='ltr'>voce,</span> 
     </span>
     <span class='ocr_line' id='line_1_38' title="bbox 135 4206 921 4279; baseline 0.01 -27"><span class='ocrx_word' id='word_1_266' title='bbox 135 4207 166 4254; x_wconf 85' lang='lat' dir='ltr'>de</span> <span class='ocrx_word' id='word_1_267' title='bbox 186 4206 271 4266; x_wconf 81' lang='lat' dir='ltr'>AEnea,</span> <span class='ocrx_word' id='word_1_268' title='bbox 285 4208 328 4266; x_wconf 85' lang='lat' dir='ltr'>lll,</span> <span class='ocrx_word' id='word_1_269' title='bbox 351 4212 407 4269; x_wconf 82' lang='lat'>150,</span> <span class='ocrx_word' id='word_1_270' title='bbox 419 4219 443 4258; x_wconf 86' lang='lat' dir='ltr'>ct</span> <span class='ocrx_word' id='word_1_271' title='bbox 453 4225 536 4259; x_wconf 86' lang='lat' dir='ltr'>rursus</span> <span class='ocrx_word' id='word_1_272' title='bbox 549 4211 579 4258; x_wconf 90' lang='lat' dir='ltr'>dc</span> <span class='ocrx_word' id='word_1_273' title='bbox 590 4209 679 4267; x_wconf 78' lang='lat' dir='ltr'>Xerxe,</span> <span class='ocrx_word' id='word_1_274' title='bbox 713 4222 737 4262; x_wconf 90' lang='lat' dir='ltr'>et</span> <span class='ocrx_word' id='word_1_275' title='bbox 749 4213 775 4261; x_wconf 91' lang='lat' dir='ltr'>in</span> <span class='ocrx_word' id='word_1_276' title='bbox 790 4211 836 4260; x_wconf 82' lang='lat' dir='ltr'>line</span> <span class='ocrx_word' id='word_1_277' title='bbox 851 4214 921 4279; x_wconf 76' lang='grc' dir='ltr'><strong>ἀνὴρ.</strong></span> 
     </span>
     <span class='ocr_line' id='line_1_39' title="bbox 136 4279 1257 4353; baseline 0.004 -24"><span class='ocrx_word' id='word_1_278' title='bbox 136 4279 196 4330; x_wconf 88' lang='lat' dir='ltr'>ibid.</span> <span class='ocrx_word' id='word_1_279' title='bbox 217 4288 272 4344; x_wconf 83' lang='grc'>181,</span> <span class='ocrx_word' id='word_1_280' title='bbox 287 4295 382 4350; x_wconf 74' lang='lat' dir='ltr'>gratum</span> <span class='ocrx_word' id='word_1_281' title='bbox 403 4301 459 4351; x_wconf 74' lang='lat' dir='ltr'>ergo</span> <span class='ocrx_word' id='word_1_282' title='bbox 480 4285 581 4334; x_wconf 80' lang='lat' dir='ltr'>verbum</span> <span class='ocrx_word' id='word_1_283' title='bbox 600 4285 679 4351; x_wconf 80' lang='lat' dir='ltr'>Sibyl·</span> <span class='ocrx_word' id='word_1_284' title='bbox 749 4287 804 4335; x_wconf 76' lang='lat' dir='ltr'>tot.</span> <span class='ocrx_word' id='word_1_285' title='bbox 821 4287 857 4334; x_wconf 78' lang='lat' dir='ltr'>An</span> <span class='ocrx_word' id='word_1_286' title='bbox 867 4287 954 4353; x_wconf 80' lang='grc' dir='ltr'><strong>Συρίαν</strong></span> <span class='ocrx_word' id='word_1_287' title='bbox 964 4286 1100 4351; x_wconf 74' lang='lat' dir='ltr'>legendum,</span> <span class='ocrx_word' id='word_1_288' title='bbox 1110 4294 1188 4335; x_wconf 88' lang='lat' dir='ltr'>metro</span> <span class='ocrx_word' id='word_1_289' title='bbox 1200 4284 1257 4335; x_wconf 85' lang='lat' dir='ltr'>licet</span> 
     </span>
     <span class='ocr_line' id='line_1_40' title="bbox 136 4354 1257 4427; baseline 0.005 -23"><span class='ocrx_word' id='word_1_290' title='bbox 136 4354 206 4405; x_wconf 77' lang='lat' dir='ltr'>listis.</span> <span class='ocrx_word' id='word_1_291' title='bbox 220 4357 271 4406; x_wconf 86' lang='lat' dir='ltr'>lloc</span> <span class='ocrx_word' id='word_1_292' title='bbox 283 4360 310 4408; x_wconf 91' lang='lat' dir='ltr'>in</span> <span class='ocrx_word' id='word_1_293' title='bbox 323 4376 393 4409; x_wconf 79' lang='lat' dir='ltr'>versu</span> <span class='ocrx_word' id='word_1_294' title='bbox 403 4377 447 4426; x_wconf 84' lang='lat' dir='ltr'>pro</span> <span class='ocrx_word' id='word_1_295' title='bbox 461 4363 482 4410; x_wconf 84' lang='grc' dir='ltr'>τ’</span> <span class='ocrx_word' id='word_1_296' title='bbox 494 4361 565 4410; x_wconf 90' lang='lat' dir='ltr'>codd.</span> <span class='ocrx_word' id='word_1_297' title='bbox 576 4361 679 4410; x_wconf 86' lang='lat' dir='ltr'>alterum</span> <span class='ocrx_word' id='word_1_298' title='bbox 713 4361 807 4411; x_wconf 78' lang='lat' dir='ltr'>inrito?</span> <span class='ocrx_word' id='word_1_299' title='bbox 823 4360 925 4410; x_wconf 81' lang='lat' dir='ltr'>Videtur</span> <span class='ocrx_word' id='word_1_300' title='bbox 940 4370 1021 4410; x_wconf 84' lang='lat' dir='ltr'>autem</span> <span class='ocrx_word' id='word_1_301' title='bbox 1036 4360 1149 4409; x_wconf 77' lang='lat' dir='ltr'>Phoemce</span> <span class='ocrx_word' id='word_1_302' title='bbox 1164 4360 1257 4427; x_wconf 86' lang='lat' dir='ltr'>bicpro</span> 
     </span>
     <span class='ocr_line' id='line_1_41' title="bbox 136 4429 1158 4501; baseline 0.008 -23"><span class='ocrx_word' id='word_1_303' title='bbox 136 4430 158 4477; x_wconf 82' lang='grc' dir='ltr'>δ’</span> <span class='ocrx_word' id='word_1_304' title='bbox 180 4429 284 4490; x_wconf 83' lang='lat' dir='ltr'>babent.</span> <span class='ocrx_word' id='word_1_305' title='bbox 311 4452 360 4485; x_wconf 90' lang='lat' dir='ltr'>non</span> <span class='ocrx_word' id='word_1_306' title='bbox 386 4437 419 4486; x_wconf 86' lang='lat' dir='ltr'>ita</span> <span class='ocrx_word' id='word_1_307' title='bbox 431 4446 506 4486; x_wconf 87' lang='lat' dir='ltr'>recte.</span> <span class='ocrx_word' id='word_1_308' title='bbox 713 4437 795 4488; x_wconf 66' lang='lat' dir='ltr'>ludica</span> <span class='ocrx_word' id='word_1_309' title='bbox 808 4436 876 4501; x_wconf 86' lang='lat' dir='ltr'>poni,</span> <span class='ocrx_word' id='word_1_310' title='bbox 889 4446 916 4486; x_wconf 92' lang='lat' dir='ltr'>ut</span> <span class='ocrx_word' id='word_1_311' title='bbox 925 4435 995 4494; x_wconf 82' lang='lat' dir='ltr'>inira,</span> <span class='ocrx_word' id='word_1_312' title='bbox 1009 4440 1056 4487; x_wconf 79' lang='lat'>105</span> <span class='ocrx_word' id='word_1_313' title='bbox 1065 4447 1089 4486; x_wconf 86' lang='lat' dir='ltr'>et</span> <span class='ocrx_word' id='word_1_314' title='bbox 1103 4440 1158 4488; x_wconf 78' lang='lat'><strong>1⁵3.</strong></span> 
     </span>
    </p>

    <p class='ocr_par' dir='ltr' id='par_1_16' title="bbox 172 4507 1184 4577">
     <span class='ocr_line' id='line_1_42' title="bbox 172 4507 1184 4577; baseline 0.007 -21"><span class='ocrx_word' id='word_1_315' title='bbox 172 4509 213 4556; x_wconf 77' lang='lat' dir='ltr'>tt.</span> <span class='ocrx_word' id='word_1_316' title='bbox 232 4507 307 4558; x_wconf 85' lang='lat' dir='ltr'>Codd.</span> <span class='ocrx_word' id='word_1_317' title='bbox 324 4511 492 4575; x_wconf 63' lang='lat' dir='ltr'>tssdouiamt&#39;.</span> <span class='ocrx_word' id='word_1_318' title='bbox 504 4510 621 4576; x_wconf 57' lang='lat' dir='ltr'>,Utraque</span> <span class='ocrx_word' id='word_1_319' title='bbox 633 4511 681 4560; x_wconf 88' lang='lat' dir='ltr'>lec·</span> <span class='ocrx_word' id='word_1_320' title='bbox 747 4516 803 4563; x_wconf 79' lang='lat' dir='ltr'>tut.</span> <span class='ocrx_word' id='word_1_321' title='bbox 822 4511 899 4561; x_wconf 85' lang='lat' dir='ltr'>Codd.</span> <span class='ocrx_word' id='word_1_322' title='bbox 910 4512 947 4562; x_wconf 76' lang='grc' dir='ltr'>ἐπ’</span> <span class='ocrx_word' id='word_1_323' title='bbox 960 4509 1149 4577; x_wconf 69' lang='grc' dir='ltr'><strong>ἱεροσολνμηΐδα</strong></span> <span class='ocrx_word' id='word_1_324' title='bbox 1161 4531 1184 4576; x_wconf 79' lang='grc' dir='ltr'>γ.</span> 
     </span>
    </p>
   </div>
   <div class='ocr_carea' id='block_1_7' title="bbox 0 0 1633 5310">
    <p class='ocr_par' dir='ltr' id='par_1_17' title="bbox 0 0 1633 5310">
     <span class='ocr_line' id='line_1_43' title="bbox 0 0 1633 5310; baseline 0 0"><span class='ocrx_word' id='word_1_325' title='bbox 0 0 1633 5310; x_wconf 95' lang='lat' dir='ltr'> </span> 
     </span>
    </p>
   </div>
  </div>
 </body>
</html>
