3186 5310
547 424 827 490 smumouuu
847 425 918 489 ΗΒ.
939 420 1017 487 xlv.

319 558 450 626 Aduena
464 559 551 649 quod
565 558 687 642 tulerit,
705 583 806 627 novus
819 558 942 625 auferet
954 558 1076 623 advena
1093 557 1231 624 lucrum.

363 667 473 751 Quum
486 689 563 733 vero
578 666 750 732 occumbet
763 664 810 731 vis
826 665 984 756 impacata
1001 662 1100 729 leonis

319 771 532 859 Sanguineam
542 789 692 838 eructans
705 771 857 851 animam,
873 770 1033 860 capitique
1047 771 1144 835 leaena

319 879 489 945 Insultubit
504 902 614 958 ouans,
628 895 661 942 et
673 894 835 966 sceptrum
846 878 961 942 avellet
973 877 1093 960 inult03

232 984 298 1049 320
321 986 417 1066 Tum,
435 984 523 1049 velut
534 984 577 1079 pd
591 984 680 1049 feste
691 998 826 1050 currunt
836 983 893 1047 ubi
909 979 1024 1070 gaudia
1038 1005 1155 1048 mensu·

320 1090 452 1180 AEgypti
466 1091 563 1171 cives,
584 1090 731 1157 manibus
753 1106 876 1155 certare
895 1088 1016 1179 parati,

320 1197 560 1286 Impelluntque
573 1196 653 1262 alios
666 1197 738 1279 aliip
747 1196 821 1261 ferit
833 1197 949 1262 aethera
963 1196 1094 1277 clamor,

320 1303 406 1369 Talis
419 1303 481 1369 erit
494 1305 597 1369 turbae
610 1302 810 1393 properantis
823 1302 863 1368 ad
879 1326 966 1368 anna
980 1302 1147 1387 tumultus,

322 1411 352 1474 Is
368 1409 445 1475 rixae
455 1409 559 1487 furor,
576 1408 602 1474 is
619 1408 777 1491 fremitus,
791 1408 948 1497 multique
962 1408 1113 1497 peribunt

234 1516 299 1581 325
323 1517 437 1581 Mutua
451 1517 624 1582 miscentes
639 1515 771 1580 immani
785 1515 895 1580 funera
915 1515 1013 1580 bellu.

367 1621 450 1687 Hine
462 1645 546 1687 unus
560 1622 700 1711 squamis
713 1621 852 1686 immune
865 1619 1057 1686 micantibus
1075 1624 1221 1699 hortans,

322 1725 508 1815 infensique
520 1727 581 1793 sibi
597 1728 725 1793 venient
746 1728 824 1808 dua,
842 1726 954 1791 tertius
972 1725 1046 1791 inde
1066 1738 1073 1751 ‘

321 1835 461 1923 Cyrenes
475 1836 557 1900 aries
568 1835 693 1925 ingens,
709 1858 805 1924 quem
817 1834 955 1901 diximus
969 1834 1047 1899 olim

322 1940 490 2006 Devietum
502 1942 590 2007 bello
608 1941 724 2029 fugisse
736 1941 779 2007 ad
794 1939 890 2006 litora
904 1940 987 2019 Nili3

236 2047 300 2113 330
324 2053 366 2116 Et
379 2064 487 2113 tamen
499 2048 553 2114 ille
566 2048 624 2112 viae
639 2048 726 2113 fallet
737 2048 828 2112 labor
842 2047 947 2112 irritus
960 2068 1084 2113 omues.

368 2154 453 2217 Tum
465 2177 554 2235 vero,
569 2152 693 2242 maguis
706 2153 738 2218 ia
753 2177 788 2219 se
800 2153 997 2219 vertentibus
1013 2151 1116 2233 annis,

323 2261 485 2349 Tempora
497 2260 669 2326 decurrent
681 2259 908 2348 placidissima,
924 2259 1027 2326 donec
1046 2259 1163 2325 atrocis

324 2370 445 2433 Rursus
458 2368 491 2431 in
503 2368 645 2458 AEgypto
656 2366 815 2452 jacientur
829 2367 949 2432 semina
963 2367 1052 2434 belli.

323 2475 435 2539 Faetus
449 2473 509 2538 erit
524 2473 661 2563 linguae:
682 2473 738 2539 sed
749 2498 816 2538 non
830 2474 1003 2539 certamine
1021 2474 1161 2539 vincent.

237 2578 300 2644 335
324 2579 394 2645 Ab!
418 2579 525 2644 miseri
542 2577 678 2643 artifices
696 2577 786 2645 urbis
801 2602 897 2668 super
913 2579 1020 2643 omnia
1036 2578 1147 2644 elarael

324 2685 393 2751 Fiet
407 2685 505 2765 enim,
524 2684 579 2749 liet
596 2683 672 2748 belli
688 2685 850 2749 teterrima
867 2685 991 2774 praeda,

323 2791 392 2857 Nee
409 2790 558 2856 diuturna
574 2806 694 2856 tamen.
713 2791 739 2857 F
740 2790 849 2878 ugient
864 2814 882 2856 e
900 2789 1017 2857 finibus
1032 2790 1094 2857 illis

322 2897 484 2985 Indigenae
498 2898 585 2961 bello
601 2895 730 2987 trepidi,
744 2896 951 2987 trepidosque
962 2914 1111 2987 parentes

323 3005 361 3067 ln
377 3002 551 3093 longinqua
567 3003 708 3068 trahent.
725 3003 789 3067 Sed
804 3026 879 3066 mox
895 3001 936 3067 ad
953 3003 1059 3090 praelia
1071 3003 1171 3085 versi,

234 3209 306 3259 mide
314 3208 436 3275 profectus
446 3210 504 3274 [tres
512 3209 570 3259 istos
578 3209 729 3275 suspicamur
743 3206 846 3256 totidem
858 3206 984 3273 praelector
994 3223 1045 3258 esse
1058 3206 1179 3258 Romanos
1189 3223 1291 3259 vacuum
1304 3209 1351 3259 irn-

233 3293 329 3359 perium
337 3293 369 3343 td
378 3309 403 3344 te
419 3294 566 3361 trahentes]‚
577 3292 709 3360 AEgyptum
722 3291 767 3342 sibi
783 3291 886 3341 subdere
897 3292 1087 3343 meditabuntur.
1099 3321 1130 3330 —
1141 3294 1198 3352 att,
1216 3309 1270 3358 sqq.
1284 3293 1352 3345 Bella

234 3377 385 3430 Alexandria
398 3379 513 3430 intestina
526 3378 650 3445 AEgyptios
660 3376 725 3426 inter
743 3385 769 3426 et
785 3374 896 3426 ludaeos:
916 3393 945 3427 se
963 3375 1068 3443 primum
1087 3377 1254 3442 Alexandrini,
1268 3376 1352 3446 lingua

233 3462 291 3514 lieet
308 3463 456 3531 praetumidi‚
474 3463 621 3533 vincuntur3
633 3478 690 3511 mor
699 3459 773 3510 iidem
788 3476 871 3511 rursus
882 3460 976 3512 ludaeos
988 3461 1100 3522 vincunt,
1121 3462 1216 3529 pellunt
1231 3478 1307 3530 traque
1319 3463 1353 3515 td

234 3550 308 3602 maris
319 3551 385 3603 litus.
402 3580 435 3590 -

268 3707 325 3756 ³³3.
343 3703 391 3754 l‘ro
405 3702 537 3765 θήσετ’,οη
551 3702 633 3770 potius
646 3701 778 3753 irstr’aut
810 3715 859 3764 quo
885 3700 960 3767 magis
980 3700 1128 3768 sibyllinum
1143 3710 1206 3752 estat
1222 3695 1241 3754 d
1258 3704 1350 3768 μέλεοι,

233 3781 345 3840 οτίιοετ’,
358 3789 488 3844 utrumque
499 3779 573 3844 magis
586 3781 678 3844 grene?
809 3785 838 3825 ut
849 3775 889 3837 1v‚
901 3780 957 3837 161,
970 3778 1007 3827 rel
1015 3775 1040 3827 αἲ
1048 3780 1137 3842 mear,
1145 3787 1175 3827 ut
1187 3792 1273 3843 supra,
1288 3781 1349 3830 tta.

267 3857 325 3913 334.
343 3852 508 3905 lluianiuodd.
523 3855 623 3920 καοχίη,
637 3853 702 3902 idest
713 3867 776 3902 atu·
809 3851 901 3902 Deinde
921 3853 992 3902 codd.
1008 3854 1097 3919 χοίρων
1115 3853 1184 3903 ἔσται
1201 3867 1209 3904 2
1226 3869 1270 3903 nos
1283 3869 1358 3915 eurr„

233 3928 348 3996 perbia2et
353 3929 453 3994 jactatio
460 3950 473 3972 u
481 3939 633 3995 presumpte
639 3928 669 3977 ab
674 3927 776 3978 Alexan·
807 3926 873 3986 satis,
887 3926 932 3978 etti
945 3927 1000 3993 quis
1012 3928 1082 3978 aliter
1092 3924 1190 3988 sentiat,
1202 3926 1316 3978 feliciter.

232 4004 310 4055 drinis
319 4004 441 4055 victoriae:
457 4003 604 4054 Monacensis
618 4013 775 4065 aritemaau·
842 4005 898 4053 337.
918 4002 1027 4068 lntellige
1040 4019 1099 4061 uon,
1113 4010 1142 4052 ut
1155 4001 1229 4051 alicui
1243 4001 1345 4069 placuit,

233 4081 320 4145 μαχίη,
339 4081 386 4130 nisi
406 4089 448 4130 aut
467 4078 639 4129 l‘riedliebium
659 4079 722 4127 oculi
740 4077 775 4127 ie·
807 4077 898 4128 uicinas
910 4088 1001 4143 gentes,
1018 4079 1060 4128 sed
1077 4076 1349 4128 suburbanoslatecir·

233 4155 364 4214 lellerunt,
376 4165 418 4205 aut
428 4171 473 4204 nos
488 4153 583 4204 schedae
596 4163 683 4202 nostrae
693 4169 698 4203 :
710 4163 775 4203 certe
808 4168 863 4201 eum
870 4151 1018 4202 habitantes.

232 4230 281 4280 hoe
292 4231 346 4280 loeo
357 4232 387 4280 de
403 4229 481 4280 navali
497 4229 580 4296 prnlio
593 4228 677 4293 rixagi
686 4237 774 4294 potem,
842 4231 900 4278 338.
920 4227 994 4277 Codd.
1010 4226 1120 4288 δολίους,
1132 4225 1176 4275 ubi
1190 4242 1235 4275 nos
1246 4225 1349 4283 δειλούς.

232 4304 296 4355 sicut
317 4305 377 4355 alibi
397 4305 517 4354 dicemus:
530 4304 586 4353 ride
606 4312 657 4353 not.
682 4303 773 4353 Deinde
840 4306 897 4353 339.
916 4300 989 4351 Codd.
1001 4303 1088 4360 παῖδα,
1101 4300 1157 4350 llai.
1171 4317 1185 4350 e
1199 4302 1263 4366 conj.
1278 4302 1349 4359 ποδί,

232 4380 304 4431 codd.
320 4381 396 4438 male,
409 4383 487 4437 νεῖκος
501 4386 580 4443 (unus
592 4379 679 4428 melius
688 4379 772 4443 νῖκος)
806 4378 848 4427 ubi
862 4395 906 4427 nos
917 4378 984 4426 πόλει
993 4375 1075 4425 itidem
1086 4393 1100 4425 e
1114 4377 1178 4441 conj.
1191 4376 1282 4425 lleinde
1295 4374 1352 4426 vide

232 4457 255 4506 δ’
267 4454 379 4506 stetten
393 4457 439 4506 οὐκ
453 4459 522 4508 ἔσται
538 4470 545 4506 :
560 4471 604 4505 nos
617 4471 681 4504 eurr.
806 4469 837 4502 an
858 4452 941 4512 malis,
961 4452 1031 4501 πάλιν
1051 4450 1071 4500 δ’
1093 4445 1124 4502 οὗ
1147 4451 1217 4506 νῖκος
1235 4452 1352 4518 ίχοντες,

267 4536 325 4583 335.
345 4531 422 4582 Codd.
445 4528 465 4581 ὦ
485 4532 580 4596 prieur,
600 4539 628 4580 ut
645 4546 703 4590 nos,
729 4546 775 4597 pro
807 4545 876 4579 sensu
890 4527 923 4577 ita
935 4528 1057 4577 suadente.
