3186 5310
593 485 646 547 au
666 487 875 552 stultulus.
1191 492 1292 548 'mv

176 615 317 700 drinum,
332 617 457 682 nullum
472 617 538 683 fere
552 618 713 708 Sibyllinae
726 618 958 686 vaticinationis
970 617 1129 682 fautorem
1146 616 1294 708 Graecum

175 722 323 813 reperias.
341 725 384 788 At
405 725 586 791 Lactantius
601 725 735 793 istorum
752 726 930 793 carminum
949 725 1034 790 fama
1055 742 1295 815 praeoccupatus

174 830 256 896 adeo
281 847 403 913 manet,
429 849 595 899 uteorum
620 834 811 900 testimoniis
827 858 925 925 opera
939 857 996 900 sua
1011 830 1197 898 conferciat.
1220 833 1295 915 Quo

175 936 277 1025 magis
290 936 424 1002 inducor
441 939 481 1004 ad
499 940 708 1023 credendum,
725 966 796 1031 quae
812 966 939 1031 semper
951 962 1021 1005 mea
1040 937 1206 1028 persuasio
1221 937 1293 1021 fuit,

174 1044 375 1110 Constantini
392 1043 471 1135 imp.
499 1049 690 1114 Orationem
709 1051 749 1116 ad
766 1053 897 1116 Sanctos
921 1072 992 1138 quae
1010 1046 1094 1112 inter
1117 1044 1296 1111 Eusebiana

175 1175 276 1241 graece
299 1153 427 1243 legitur,
446 1155 585 1243 primum
597 1170 623 1222 'a
641 1156 806 1224 Lactantio
830 1156 1045 1246 conscriptam
1063 1178 1145 1233 esse,
1164 1151 1218 1243 qui
1235 1177 1294 1219 suo

175 1276 320 1349 tempore
333 1259 520 1326 Latinorum
532 1261 735 1330 doctissimus
745 1281 777 1331 et
786 1265 866 1330 alter
875 1261 967 1355 quasi
976 1262 1090 1328 Cicero
1098 1260 1291 1341 habebatur,

175 1365 320 1432 addictus
333 1367 505 1453 juvenibus
519 1370 718 1461 principibus
735 1371 929 1454 erudiendis,
946 1370 1085 1459 ideoque
1102 1367 1136 1434 in
1149 1368 1220 1433 aula
1235 1367 1294 1432 flo-

176 1496 260 1540 rens.
286 1475 317 1540 Is
341 1474 383 1540 ad
412 1478 668 1566 componendam
699 1480 875 1545 orationem
898 1478 1029 1544 latinam
1054 1478 1134 1541 tanti
1157 1474 1297 1543 rhetoris

108 1590 113 1600 “
176 1581 260 1646 fama
282 1580 425 1669 dignam,
447 1582 480 1647 in
497 1584 635 1650 concilio
652 1586 784 1652 Nicoeno
809 1585 906 1653 latine
930 1585 1063 1650 forsitan
1089 1581 1177 1673 prius
1201 1607 1297 1672 quam

175 1712 277 1779 graece
294 1689 504 1773 recitandam,
519 1691 641 1758 electus
663 1695 704 1759 ab
719 1693 914 1785 imperatore
933 1691 1046 1768 fuerit3
1065 1690 1184 1757 electus
1205 1688 1299 1756 simul

175 1795 345 1880 Eusebius,
362 1823 429 1863 non
445 1800 549 1864 minus
563 1800 649 1890 apud
668 1800 799 1868 Graecos
814 1826 910 1891 quam
926 1799 979 1865 ille
1001 1797 1088 1889 apud
1102 1796 1232 1863 Latinos
1246 1795 1298 1862 in-

157 1904 269 1994 genio
293 1905 408 1988 clarus,
434 1905 489 1996 qui
516 1906 677 1997 specimen
699 1908 776 1974 artis
798 1932 816 1974 a
840 1906 1006 1974 Lactantio
1028 1904 1202 1996 prolatum,
1231 1928 1298 1970 non

174 2036 231 2102 per
244 2037 279 2079 se
292 2013 450 2094 videlicet,
473 2013 530 2079 sed
554 2038 611 2103 per
625 2032 752 2104 emptos
768 2015 893 2103 aliquos
908 2014 1111 2103 interpretes,
1135 2011 1168 2076 in
1186 2035 1298 2100 graecae

175 2120 326 2186 orationis
340 2120 480 2210 speciem
491 2139 692 2187 converteret
706 2150 713 2186 ι
729 2144 830 2211 quare
843 2120 936 2208 vulgo
947 2117 1135 2185 Eusebianis
1146 2117 1300 2210 operibns

175 2242 373 2288 accensetur.
390 2224 469 2289 Inde
484 2243 584 2291 scatet
596 2227 699 2291 oratio
710 2226 765 2291 illa
774 2225 938 2315 Sibyllinis
946 2224 1149 2330 testim'oniIs,
1160 2248 1298 2314 quorum

177 2328 300 2393 nullum
311 2353 454 2418 unquam
464 2332 622 2398 Eusebius
629 2332 662 2398 in
676 2356 732 2398 sua
744 2332 812 2423 ipse
824 2332 942 2423 scripta
956 2332 1096 2399 admisit.
1110 2334 1158 2397 Ex
1169 2333 1300 2400 Eusebii

176 2451 301 2523 postea,
322 2438 368 2502 uti
383 2437 588 2522 credebatur,
609 2439 667 2505 sed
683 2438 788 2505 verius
807 2464 846 2506 ex
866 2440 1020 2507 Lactantii
1041 2439 1105 2505 fide
1124 2438 1301 2508 dimanavit

176 2540 208 2604 in
225 2541 336 2631 vulgus
350 2544 436 2632 apud
452 2543 582 2611 Graecos
595 2546 755 2612 celebrata
770 2546 821 2612 illa
836 2546 1034 2629 acrostichis,
1052 2570 1123 2636 quae
1139 2546 1171 2610 in
1188 2545 1294 2638 Sibyl-

181 2647 253 2716 linis
278 2651 515 2740 exemplaribus
533 2653 615 2719 libro
628 2655 716 2739 VIII,
739 2655 824 2721 unde
840 2672 912 2720 orta
938 2671 999 2738 est,
1019 2653 1181 2720 interdum
1203 2655 1298 2721 etiam

174 2753 269 2823 libris
282 2757 441 2825 universis
456 2759 585 2850 praefixa
612 2761 744 2850 legitur;
774 2786 908 2852 quaeque
930 2761 963 2826 in
978 2759 1085 2826 multis
1100 2759 1218 2848 passim
1236 2761 1297 2825 ob·

175 2863 233 2930 viis
261 2892 440 2956 graecorum
464 2869 611 2934 codicum
637 2869 823 2960 fragmentis
852 2870 920 2935 sola
942 2892 1053 2935 secum
1076 2883 1144 2932 eta
1171 2865 1297 2956 reliquo

174 2973 330 3064 Sibyllino
354 2998 493 3064 corpore
520 2993 665 3065 separata
695 2978 755 3043 sub
779 2974 909 3041 Eusebii
933 2973 1064 3039 nomine
1091 2971 1296 3064 proponitur.

174 3081 297 3146 Eadem
313 3106 368 3148 seu
381 3107 455 3172 pars
473 3087 540 3170 ejus
556 3081 694 3147 maxima
722 3084 843 3172 (versus
867 3105 983 3170 nempe
1000 3103 1089 3146 urst
1107 3079 1148 3144 de
1171 3078 1295 3166 mlv),

175 3188 355 3277 aquodam
380 3189 444 3255 divi
467 3189 636 3281 Augustini
663 3190 772 3256 sodale
796 3214 833 3255 ex
858 3212 962 3278 graeco
985 3211 1087 3270 versa,
1115 3186 1211 3252 latine
1237 3187 1297 3253 sub

174 3293 269 3360 simili
292 3296 515 3362 acrostichidis
533 3297 651 3381 forma,
672 3297 757 3388 apud
778 3314 924 3363 sanctum
947 3297 1088 3373 Patrem,
1109 3292 1149 3358 de
1163 3293 1297 3359 Ciuitate

173 3401 246 3485 Dei,
265 3404 386 3482 XVIH,
403 3426 473 3492 cap.
492 3405 547 3487 23,
567 3404 662 3470 nimis
678 3404 815 3470 fidenter
832 3403 955 3494 prolata
974 3419 1032 3468 est.
1060 3403 1159 3486 Cujus
1180 3417 1296 3465 aucto-

173 3510 268 3575 ritate
294 3510 381 3593 nixa,
402 3534 461 3601 per
481 3528 587 3577 totum
609 3512 751 3578 medium
771 3536 872 3578 aevum
899 3511 932 3576 in
950 3507 1291 3598 occidentessregnavit,

173 3617 293 3707 diuque
310 3619 342 3684 in
356 3618 506 3685 Ecclesiis
520 3618 632 3709 hymni
649 3620 721 3685 loco
744 3620 912 3685 decantata
935 3635 985 3685 cst
1000 3641 1083 3684 veru
1103 3615 1203 3681 instar
1215 3637 1295 3705 pro-

177 3724 295 3816 phetiae
318 3748 327 3792 t
349 3724 460 3805 hodie,
480 3727 604 3793 etiamsi
622 3726 756 3810 cantari,
779 3727 890 3793 saltem
911 3723 1034 3791 laudari
1056 3747 1124 3788 non
1144 3719 1238 3787 desiit
1258 3721 1292 3787 in

178 3832 333 3899 Romanis
347 3833 559 3924 euchologiis,
579 3834 643 3902 hoc
658 3835 801 3902 funebris
814 3834 925 3901 naeniae
939 3856 1033 3901 versu
1051 3854 1060 3899 z

262 3942 357 4007 Teste
372 3940 474 4007 David
492 3965 565 4007 cum
580 3941 712 4032 Sibylla.

175 4047 212 4113 ld
234 4046 315 4112 mihi
334 4071 438 4113 causae
465 4047 538 4128 fuit,
560 4070 618 4114 cur
641 4049 741 4116 fusius
765 4073 802 4116 ac
829 4046 954 4138 plenius
977 4068 1074 4135 quam
1096 4042 1197 4122 soleo,
1225 4066 1297 4132 quae

174 4154 252 4219 olim
265 4155 307 4220 de
320 4154 405 4221 illins
421 4155 642 4221 acrostichidis
656 4172 845 4248 argumento
856 4155 1091 4245 disputaveram
1107 4151 1140 4216 in
1154 4152 1296 4215 Excursu

175 4262 216 4341 V,
236 4286 308 4352 cap.
328 4262 360 4345 5,
380 4263 462 4329 inter
476 4281 568 4329 notas
581 4263 657 4329 huic
671 4263 804 4330 editioni
826 4261 1136 4350 subjacendum,
1152 4282 1229 4346 217,
1245 4282 1298 4323 re·

175 4394 348 4451 sumerem,
366 4371 435 4456 ubi,
451 4371 478 4439 si
495 4388 599 4454 vacat,
614 4395 667 4438 eas
678 4371 762 4438 vide.
