3186 5310
78 471 170 522 mvl
513 448 767 518 luraouuc‘rlo

143 650 242 717 XIV.
263 651 310 715 De
324 648 552 735 Sibyllinorum
568 659 746 715 carminum
764 649 948 716 collectione
962 651 1129 720 hodierno.

122 801 304 868 lactantius
324 800 419 866 docet
434 800 607 891 Sibyllinos
622 802 720 868 libros
739 825 798 868 suo
815 819 962 893 tempore
979 825 1105 893 sparsos
1123 825 1200 867 nec-

78 909 156 976 dum
170 908 204 973 iu
220 931 336 998 corpus
352 932 453 973 unum
472 925 657 998 compactos
679 896 814 975 lectitari
831 910 942 977 solitos
955 910 1062 990 fuisse,
1082 933 1198 1000 graece,

79 1034 114 1083 ut
125 1016 251 1108 opinor,
265 1033 296 1081 et
310 1040 328 1081 a
342 1016 453 1106 paucis
464 1016 664 1096 Latinorum,
674 1017 794 1107 quippe
810 1018 951 1084 nondum
964 1018 1061 1085 latine
1074 1040 1197 1083 versos.

79 1127 154 1213 Ejus
169 1127 266 1191 verba
281 1142 354 1191 suut
371 1154 379 1191 ι
397 1159 411 1184 α
430 1127 555 1193 Harum
571 1127 715 1193 omnium
730 1127 924 1218 Sibyllarum
941 1127 1082 1194 carmina
1096 1145 1129 1194 et
1149 1127 1199 1192 fe-

82 1266 95 1290 «
116 1249 230 1300 runtur
243 1251 275 1299 et
292 1235 462 1317 habentur,
478 1251 691 1325 praeterquam
709 1237 885 1303 Cumaeae...
906 1238 947 1301 Et
963 1253 1037 1301 sunt
1051 1234 1199 1326 singula-

81 1340 99 1399 κ’
115 1366 188 1407 rum
200 1341 317 1431 singuli
330 1341 473 1424 libri,....
492 1359 629 1433 suntque
651 1342 788 1427 confusi,
807 1367 867 1408 nec
886 1341 1023 1408 discerni
1047 1366 1083 1407 ac
1104 1365 1196 1408 suum

81 1480 95 1506 a
115 1448 230 1539 cuique
247 1448 399 1538 assignari
424 1465 541 1539 potest.
567 1481 581 1507 ι
600 1451 696 1533 Quod
718 1449 772 1515 illc
790 1450 831 1515 de
845 1449 1088 1540 ‘exemplaribus
1111 1449 1197 1539 apud

78 1553 207 1620 Latium
220 1555 363 1637 servatis,
381 1555 465 1621 idem
478 1555 519 1621 de
533 1555 669 1647 vulgatis
682 1580 809 1646 quoque
821 1555 906 1622 inter
919 1558 1047 1622 Graeoos
1058 1556 1199 1621 affirmat

77 1679 189 1728 auctor
199 1664 377 1752 Anonymac
389 1661 588 1728 praefationis
600 1663 685 1752 apud
697 1686 767 1745 nos,
777 1686 851 1752 pag.
866 1663 917 1741 15,
929 1663 985 1728 ubi
1001 1695 1014 1720 ι
1027 1661 1196 1754 Sibyllina,

78 1767 191 1858 inquit,
208 1769 337 1834 oracula
352 1792 425 1859 quac
443 1792 551 1857 sparsa
569 1787 602 1835 et
621 1770 752 1834 confusa
771 1769 961 1858 legebantur
981 1791 1016 1852 »ς
1038 1768 1197 1858 simulque

78 1875 174 1953 docet
186 1874 237 1940 isti
250 1898 284 1940 se
298 1874 375 1941 vitio
390 1875 548 1941 medelam
563 1874 680 1941 afferre
695 1874 844 1954 voluisse,
861 1874 940 1941 dum
952 1875 1081 1963 disjecta
1100 1898 1200 1940 mem-

14 2062 16 2068 ,
74 1982 134 2047 bra
161 1999 297 2048 conatur
318 1981 351 2046 iu
375 2005 475 2048 uuum
502 2005 620 2072 corpus
646 1983 801 2071 redigere.
835 1983 883 2046 En
912 1982 1012 2049 totius
1033 1980 1197 2048 hodiernae
1285 2029 1289 2036 -
1328 1982 1331 2006 ³

75 2087 274 2155 collectionis
296 2089 388 2178 origo
415 2112 512 2178 quam
535 2112 632 2154 nemo
652 2088 806 2154 hactenus
828 2111 867 2152 ex
891 2087 947 2154 illo
966 2112 1056 2179 paene
1084 2089 1197 2178 ignoto
1241 2142 1243 2146 Α

77 2196 276 2264 Praelationis
288 2199 466 2286 Anonymae
480 2195 569 2263 fonte
583 2197 748 2286 petiverat.
766 2198 816 2262 Eu
833 2195 900 2260 tibi
912 2196 1142 2286 Sibyllinorum
1159 2198 1199 2262 li-

77 2305 214 2371 brorum
227 2303 395 2369 ordinator
409 2306 479 2395 ipse
488 2327 522 2368 se
531 2305 664 2388 revelat,
679 2305 830 2394 idemque
841 2319 967 2386 auctor,
991 2304 1059 2371 sine
1083 2304 1196 2387 dubio,

79 2409 364 2502 interpolationum
394 2426 427 2475 et
456 2411 680 2477 transitionum
711 2411 828 2501 passim
855 2410 956 2476 textui
989 2411 1197 2494 insertarum,

78 2516 192 2596 homo,
218 2533 372 2607 quantum
405 2516 544 2600 videtur,
576 2517 688 2584 studiis
717 2517 862 2584 addictus
889 2517 1089 2608 theologicis,
1121 2541 1199 2610 ope-

79 2648 150 2690 ram
164 2623 255 2690 libris
272 2624 523 2691 transcribendis
536 2625 584 2714 (id
594 2625 662 2715 ipse
677 2625 805 2704 fatetur,
819 2625 913 2691 Praef.
927 2648 1001 2716 pag.
1019 2626 1071 2716 15)
1080 2650 1198 2692 navare

82 2734 204 2815 solitus,
231 2733 383 2824 ideoque,
402 2734 461 2798 nisi
479 2732 586 2816 fallor,
612 2734 799 2802 monachus.
822 2732 886 2815 Qui
912 2733 1041 2823 quando
1064 2735 1196 2817 vixerit,

81 2866 121 2908 ex
139 2841 238 2932 ipsius
251 2839 443 2907 testimoniis
457 2840 561 2930 colligi
583 2858 700 2930 potest.
721 2842 805 2906 Tum
823 2863 939 2929 nempe
962 2864 1062 2930 quum
1085 2842 1198 2932 religio

81 2947 250 3014 christiana
273 2949 340 3013 sinc
365 2947 478 3013 aemula
504 2949 675 3037 regnabat,
701 2964 865 3013 ettamen
889 2946 982 3012 multi
1010 2949 1116 3014 adbuc
1140 2949 1199 3013 lal-

81 3079 190 3121 sorum
204 3058 347 3121 Deorum
365 3055 487 3120 cultum
504 3054 703 3120 retinuerant
722 3053 827 3145 (Praef.
848 3076 920 3143 pag.
942 3056 1195 3138 21,et'rransit.

82 3161 123 3228 ud
147 3162 222 3229 libr.
246 3163 290 3246 11,
313 3185 387 3252 pag.
407 3160 479 3248 49);
503 3177 572 3226 tum
599 3184 699 3251 quum
717 3161 871 3250 Sibyllina
895 3160 1055 3226 volumina
1081 3163 1197 3227 crebro

82 3269 168 3359 vulgi
196 3268 344 3335 manibus
376 3269 575 3350 terebantur,
603 3284 635 3332 et
660 3269 703 3332 ob
730 3267 762 3333 id
791 3267 894 3356 ipsum
920 3268 952 3332 in
977 3285 1198 3358 contemptum

82 3374 171 3439 abire
184 3392 346 3463 coeperant
359 3375 466 3463 (Praef.
485 3398 558 3465 pag.
576 3375 648 3461 21);
664 3391 734 3439 tum
746 3397 846 3463 quum
861 3373 964 3439 Graeci
978 3398 997 3439 a
1011 3375 1196 3440 Latinorum

83 3481 217 3548 lectione
233 3481 339 3547 minus
356 3498 457 3567 erant,
475 3506 572 3572 quam
587 3482 777 3572 plerumque
790 3482 933 3565 fuerunt,
947 3482 1041 3546 alieni
1059 3505 1067 3547 ε
1087 3483 1118 3547 id
1130 3483 1198 3572 ipse

84 3605 251 3680 monstrat,
270 3589 470 3654 Lactantium
485 3588 601 3654 ducem
614 3589 681 3654 fere
696 3613 755 3679 per
766 3589 873 3654 omnia
888 3612 1037 3678 sequens,
1048 3590 1200 3680 proprio·

81 3719 144 3787 que
163 3695 295 3760 nomine
309 3696 502 3785 compellans
515 3697 623 3783 (Praei.
638 3719 711 3785 pag.
734 3697 785 3775 18,
798 3696 907 3782 extr).
927 3695 986 3760 His
1001 3718 1061 3784 ego
1076 3695 1199 3762 indiciis

80 3826 120 3868 eo
131 3802 325 3894 jampridem
339 3802 496 3870 adductus
510 3827 611 3887 eram,
627 3804 792 3893 fateorque
812 3827 867 3894 me
882 3801 1063 3868 cunctando
1083 3818 1115 3867 et
1133 3825 1200 3867 rne-

80 3909 212 3977 ditaudo
228 3909 259 3974 in
279 3933 316 3974 ea
335 3909 486 4000 opinione
504 3911 741 3994 confirmatum,
761 3928 797 3976 ut
815 3926 905 3976 sexto
919 3926 1066 3998 putarem
1083 3908 1199 3975 saeculo

80 4016 300 4107 praesationcm
314 4016 397 4084 bano
410 4040 480 4083 esse
496 4019 646 4108 scriptam
657 4020 717 4085 sub
731 4017 911 4083 iustiniano
931 4016 1026 4107 imp,
1041 4014 1200 4105 simulque

79 4123 241 4190 conditam
254 4123 495 4212 Sibyllinorum,
513 4149 610 4215 quam
623 4150 708 4192 nunc
722 4126 890 4206 habemus,
908 4123 1143 4189 collectionem.
1158 4125 1201 4186 At

80 4255 146 4322 quo
158 4247 254 4322 pacto
268 4230 444 4314 conditam,
455 4233 606 4323 praefator
621 4233 708 4298 idem
717 4256 776 4296 nos
785 4230 933 4297 docebit:
951 4261 965 4287 «ι
979 4228 1074 4309 Mihi,
1084 4227 1199 4318 inquit,

76 4338 182 4405 ¹uisum
194 4355 243 4404 cst
255 4338 383 4428 oracula
396 4338 453 4404 ista
467 4340 556 4429 [quae
569 4340 668 4406 modo
680 4360 788 4430 sparsa
800 4354 833 4403 et
842 4335 973 4403 confusa
985 4334 1198 4423 dicebantur],

78 4445 120 4512 ad
139 4470 301 4512 sacrarum
315 4445 480 4512 literarum
503 4445 676 4512 lectionem
699 4462 732 4510 ct
753 4443 970 4535 cognitionem
994 4440 1199 4533 pertinentia,

76 4553 111 4618 in
135 4534 233 4621 uniam
256 4552 349 4644 quasi
366 4554 484 4620 seriem
505 4568 538 4619 ct
560 4574 749 4643 compagem
769 4544 928 4640 redigere,
954 4529 1020 4640 quo
1040 4548 1163 4615 facibus
1184 4572 1201 4612 a
