3186 5310
577 448 857 513 SlBYLLlNOlthl
878 448 951 509 ΗΒ.
974 447 1011 509 V.
1292 450 1348 509 1ῖῖ

322 581 402 671 Spes
416 581 521 664 vivax,
536 581 701 671 pietasque
714 580 827 646 animis
843 580 990 663 immota,
1004 578 1159 668 fidesque.

233 686 297 753 285
366 687 429 752 Sed
443 687 521 776 quid
533 712 585 753 me
598 687 827 778 sapienqjubet
839 686 907 752 haec
918 683 1114 777 profundere
1129 686 1261 777 pectus?

321 794 381 874 Te,
395 809 441 875 te,
458 792 532 859 Asia
545 793 667 875 infelix,
683 793 765 859 tristi
778 793 913 883 deploro
927 791 1068 882 querela,

320 902 500 990 Ianumque
518 924 632 990 genus,
646 905 818 990 Ceresque,
834 923 977 989 auroque
990 915 1138 990 potentes

322 1006 441 1095 Lydos.
459 1009 543 1089 Heu,
558 1007 690 1074 Sardes!
707 1008 788 1073 cheu
803 1005 874 1088 tibi,
889 1005 1003 1070 Trallis
1017 1007 1158 1070 amoena!
1219 1000 1224 1008 ¹

322 1113 426 1196 Eheu,
441 1112 599 1178 Laodicea
613 1114 756 1202 placens!
773 1112 840 1178 Vos
853 1112 971 1202 quippe
988 1112 1108 1179 cadetis

236 1241 300 1305 290
324 1220 449 1284 Eversae
462 1235 595 1285 nutante
610 1220 692 1301 solo,
708 1219 742 1284 in
754 1219 958 1308 cineremque
970 1219 1121 1284 redactae.

321 1327 362 1390 Et
374 1322 554 1391 tenebrosae
568 1326 650 1391 Asiae
680 1373 966 1392 ......

364 1433 424 1496 Ast
437 1431 556 1521 Ephesi
570 1433 692 1496 clarum
707 1430 816 1495 Dianae
829 1429 960 1495 nomine
974 1430 1085 1496 sanum

322 1535 467 1602 Motibus
481 1554 513 1601 et
527 1553 617 1601 vasto
629 1538 739 1602 subter
752 1560 841 1603 mare
855 1537 937 1603 sidet
950 1537 1038 1603 hiatu

322 1644 479 1732 Praeceps,
497 1660 533 1708 ut
546 1667 642 1709 naves
654 1643 819 1733 quondam
832 1660 1001 1733 superante
1014 1643 1168 1734 procella.

235 1748 299 1837 295
324 1752 397 1840 Ipsa
406 1737 517 1836 jacens
530 1751 676 1839 Ephesus
689 1750 815 1815 deserta
829 1748 870 1815 ad
884 1749 979 1814 litora
992 1748 1095 1834 flebit,

324 1856 534 1946 Templaque,
552 1880 615 1920 non
630 1855 687 1923 ulli
700 1856 835 1947 posthac
848 1855 1007 1942 adeunda,
1025 1857 1179 1946 requiret.

367 1963 460 2027 Tunc
475 1960 659 2050 indignatur
672 1965 759 2029 Deus
773 1961 975 2041 immortalis,
989 1964 1030 2027 ah
1043 1961 1108 2028 alto

321 2068 469 2150 AEthere,
485 2066 630 2157 flagranti
645 2067 739 2133 feriet
752 2069 857 2158 capita
870 2068 1115 2158 improbate103

323 2176 450 2264 Proque
463 2173 569 2239 hieme
582 2173 713 2239 exsistet
727 2174 852 2240 subitus
867 2191 944 2240 tunc
957 2173 1112 2264 temporis
1126 2189 1233 2240 aestus.

234 2281 299 2347 300
322 2283 363 2346 Et
375 2281 466 2346 simul
481 2281 629 2346 humanae
644 2280 722 2346 fient
737 2280 805 2345 haec
819 2281 927 2345 omnia
940 2280 1048 2369 gentis

324 2387 452 2454 Scilicet
466 2387 637 2477 altipotens
655 2389 801 2476 perjuros
815 2387 976 2476 opprimet
987 2410 1099 2452 omnes

323 2493 529 2582 Fulguribus,
547 2492 743 2582 tonitruque,
760 2510 792 2558 et
805 2494 920 2558 crebro
939 2492 1080 2560 fulminis
1094 2492 1183 2583 igne;

324 2600 464 2665 Hostiles
477 2599 592 2690 perdet
606 2594 743 2689 populos
758 2615 854 2688 atque
867 2599 965 2688 impia
979 2600 1089 2683 corda,

324 2709 367 2773 Ut
378 2706 473 2772 tellus
483 2709 550 2793 jam
564 2706 656 2796 plura
671 2707 824 2772 cadavera
839 2723 945 2796 portet
958 2706 1073 2774 arenis.

235 2814 298 2881 305
368 2812 495 2903 Quippe
511 2829 543 2877 et
556 2815 690 2902 Smyrna
704 2837 797 2877 suum
811 2812 916 2878 veniet
930 2831 1105 2902 conquesta
1118 2816 1311 2881 Samornum

323 2920 496 3010 adportas
510 2919 641 3008 Ephesi,
658 2944 718 2985 nec
733 2920 835 2985 secius
852 2920 920 3008 ipsa
936 2919 1066 3010 peribit.

367 3030 468 3092 Cuma
482 3044 588 3092 autem
603 3027 746 3107 demens,
764 3051 837 3092 cum
854 3027 953 3115 plenis
970 3028 1101 3094 numine
1114 3029 1265 3120 lymphis,

324 3136 487 3200 Saevorum
502 3133 649 3198 manibus
664 3133 957 3222 sceleratorumque
970 3133 1112 3197 virorum

323 3244 464 3327 Dejecta,
479 3256 512 3305 et
524 3238 603 3303 laetis
612 3242 680 3326 jam
692 3238 799 3304 nescia
812 3238 957 3304 cantibus
972 3261 1065 3302 auras

234 3349 299 3415 310
323 3350 499 3437 Rumpere,
515 3345 651 3410 Cumaeis
664 3344 928 3442 innabit‘mortua
945 3343 1096 3434 lymphis.

324 3456 445 3537 Omnes
463 3469 537 3517 tunc
553 3452 692 3515 immane
705 3474 779 3539 gen
785 3435 835 3526 ,bt
848 3467 973 3515 terrore
987 3450 1164 3532 malornm,

325 3563 435 3644 Quum
447 3581 547 3648 genus
559 3556 698 3623 invisum
711 3559 884 3622 Cumarum
898 3572 931 3621 et
945 3555 1054 3646 iniqua
1067 3580 1213 3648 propago

232 3807 290 3844 cam
303 3789 375 3841 codd.
385 3787 459 3840 ὕπτια
472 3787 539 3854 legit,
549 3786 631 3838 aolice
640 3787 777 3855 probaris,
845 3790 903 3837 305.
923 3786 1001 3839 Codd.
1023 3787 1050 3837 in
1064 3787 1113 3839 fine
1128 3788 1285 3856 λυκοῦργον,
1309 3808 1355 3858 pro

231 3867 298 3919 sieut
310 3865 356 3928 lll,
375 3867 433 3927 383,
445 3863 528 3931 ἔρημα
542 3879 587 3929 pro
602 3862 703 3930 ἔρημος.
716 3861 779 3923 Quia
809 3877 859 3926 quo
871 3863 1009 3928 noseconj.
1019 3865 1160 3929 Σάμορνον,
1175 3865 1292 3916 audacter
1300 3870 1356 3932 qui-

233 3957 293 3993 tero
305 3941 326 3991 si
340 3941 451 4007 capiatur
463 3939 573 3989 adverbii
594 3937 663 4001 vice,
688 3959 701 3982 ιι
712 3936 779 4003 supi·
810 3938 866 3987 dam
877 3938 933 3987 :sed
946 3938 1002 3987 tide
1015 3948 1067 3990 not.

233 4015 273 4068 uis
291 4014 442 4078 manibus,»
468 4031 512 4081 pro
526 4015 635 4070 horluc?
845 4014 903 4063 bol.
927 4011 1045 4062 Asiaticas
1066 4014 1152 4079 procul
1174 4013 1249 4066 dubio
1268 4018 1356 4068 Cumas

267 4093 326 4143 298.
344 4090 420 4142 Codd.
440 4090 506 4140 κατὰ
523 4090 616 4155 κράτος
635 4089 777 4152 ἀνάγνουςι
811 4086 941 4153 intelligit:
954 4088 996 4137 sed
1011 4088 1066 4137 uide
1079 4099 1131 4141 not.
1375 4154 1376 4159 ¹

233 4183 279 4218 uos
286 4182 364 4230 cors„
377 4164 516 4230 beasquelo
529 4173 611 4213 tamen
621 4171 753 4229 preeunte.
847 4165 904 4212 308.
922 4161 979 4212 Post
996 4163 1091 4228 ἀνδρῶν
1105 4165 1171 4215 deest
1185 4181 1212 4215 ss
1225 4166 1252 4216 ia
1266 4169 1337 4220 codd.

267 4245 326 4294 299.
352 4243 388 4295 De
409 4248 581 4306 tempestatum
601 4236 779 4304 permutatione
845 4240 904 4288 309.
923 4238 1000 4288 Codd.
1023 4240 1053 4288 τὸ
1073 4239 1118 4288 σόν
1136 4256 1182 4306 pro
1203 4242 1311 4307 τόσσον,
1332 4256 1357 4295 et

233 4312 780 4378 mbmunditinem,cfr.vttl‚ttt;11‚tst.
810 4313 879 4377 ἅρμα
899 4309 944 4379 pro
959 4314 1045 4379 χάρμα
1060 4330 1066 4362 :
1082 4324 1215 4381 utrumque
1227 4331 1271 4367 nos
1291 4336 1355 4372 corr.

269 4396 326 4444 302.
345 4391 386 4444 Pr.
397 4396 486 4459 βροντῇ
496 4408 523 4441 τι
533 4390 666 4459 στιροπαῖς
675 4405 713 4439 τι.
725 4434 726 4440 ,
845 4391 903 4439 att.
922 4388 999 4438 Codd.
1010 4389 1124 4445 ἀνέξουσι
1134 4408 1140 4440 :
1150 4407 1193 4440 nos
1202 4407 1265 4443 corr.

269 4471 327 4520 80³.
347 4467 406 4535 Ops.
428 4466 516 4532 ἄνδρας
537 4465 674 4528 hesperia<
693 4479 720 4512 τι
741 4479 780 4512 rs-
846 4465 903 4514 att.
922 4463 1000 4513 Codd.
1016 4466 1100 4524 εἰδήση
1115 4468 1267 4532 prostatus.
1283 4470 1359 4522 {idem

234 4543 330 4610 ηήμίι
343 4555 357 4592 ι
368 4543 433 4607 conj.
812 4537 837 4587 ln
853 4554 934 4588 versus
946 4538 995 4590 fine
1008 4555 1104 4591 sensum
1113 4542 1241 4596 claudunt.

1217 4642 1255 4699 12
