3186 5310
233 378 272 443 νε
456 348 499 402 Ὗ
561 372 820 435 mmmm
841 374 966 435 ιονοε
987 372 1021 434 r.
1076 329 1079 337 ’

335 521 400 590 Καὶ
414 522 491 588 πάλι
506 548 558 614 μοι
573 520 719 617 μεγάλοιο
737 525 816 589 Θεοῦ
836 525 927 616 ράτις
942 524 972 589 ἐν
992 519 1152 597 στήθεσσιν

335 614 466 712 Ϊστατσ,
481 628 533 695 καί
546 634 577 722 μ’
590 632 725 697 ἐκέλευσε
740 640 949 723 προφητεῦσαι
962 625 1046 696 κατὰ
1061 629 1164 693 πάσαν

336 742 445 827 Γαῖαν,
459 738 510 804 καὶ
527 735 684 822 βασιλεῦσι
697 737 739 805 τά
758 743 785 805 τ’
801 738 951 830 ἐσσόμενα
971 735 1056 829 φρεσὶ
1073 734 1177 800 θεῖναι.

161 830 165 839 ¹
230 854 293 919 300
337 845 400 913 Καί
414 872 467 936 μοι
486 855 579 913 τοῦτο
598 847 675 922 Θεὸς
694 855 818 938 πρῶτον
841 845 901 928 νόῳ
918 845 1019 912 ἔνθετο
1032 835 1132 924 λέξαι,

248 1021 250 1027 ,
337 939 427 1022 Θσσα
442 978 476 1020 κε
497 964 536 1049 τῇ
556 946 718 1020 Βαῦυλῶνι
736 955 872 1045 ἐμήσατο
890 950 987 1047 άλγεα
1004 946 1106 1044 λυγρὰ

339 1051 510 1146 Αθάνατος,
530 1062 577 1127 ὅτι
597 1061 625 1126 οἱ
644 1062 715 1129 ναὸν
732 1062 827 1154 μέγαν
848 1054 1050 1139 ἐξαλάπαξεν.

412 1163 474 1234 ἲαῖ
491 1195 548 1247 σοι,
569 1163 730 1257 Βαῦυλὼν,
748 1159 798 1243 ἡδ’
820 1153 976 1260 Ασσνρίων
991 1168 1075 1261 γένος
1091 1155 1222 1256 ἀνδρῶν,

342 1280 452 1343 Πᾶσαν
472 1275 664 1369 ἁμαρτωλῶν
679 1284 769 1371 γαῖαν
786 1267 881 1369 ῥοῒζόζ
894 1276 964 1342 ποθ’
980 1275 1120 1357 ἱκνεῖται,

234 1385 297 1455 305
343 1381 407 1451 Καὶ
421 1387 523 1450 πᾶσαν
537 1384 640 1475 χώραν
656 1383 796 1476 μερόπων
817 1384 997 1478 ἀλαλαγμὸς
1013 1384 1144 1474 ὀλέσσει,
1162 1429 1164 1432 ⁴

306 1495 314 1517 '
342 1490 407 1571 Καὶ
427 1493 530 1585 πληγὴ
550 1490 695 1585 μεγάλοιο
715 1495 808 1577 Θεοῦ,
826 1497 977 1585 ήγήτορος
997 1492 1108 1582 ὕμνευν.

347 1586 454 1688 Αέριος
469 1598 528 1692 γάρ
547 1623 608 1682 σοι,
625 1592 785 1681 Βαῦυλὼν,
800 1592 864 1675 ἥξει
880 1604 951 1665 ποτ’
969 1593 1091 1679 άνωθεν,

346 1703 454 1798 Αὐτὰρ
475 1705 678 1796 άπουρανόθεν
697 1699 910 1778 καταθήσεται
933 1698 965 1782 ἐξ
984 1703 1077 1798 άγίων
1097 1729 1157 1784 σοι,

348 1812 412 1878 Καὶ
428 1812 520 1905 θυμὸς
536 1815 652 1889 τέκνοις
669 1811 787 1890 αἰώνιος
804 1805 1018 1906 ἐξολεθρεόσει,

242 1927 306 1990 3ιο
350 1919 412 1986 Καὶ
428 1920 494 1987 τότ’
511 1921 564 2007 ἔσῃ
581 1925 621 1998 ὡς
640 1916 719 1993 ἦσθα
734 1929 862 2013 προτοῦ,
882 1926 922 1998 ῶς
941 1923 982 2011 μή
999 1924 1152 2013 γεγονυῖα.

348 2028 410 2093 Καὶ
424 2027 496 2093 τότε
510 2028 672 2121 πλησθήσηι
692 2027 753 2094 άπὸ
771 2028 914 2119 αἵματος,
935 2034 974 2106 ὡς
998 2027 1094 2119 πάρος
1114 2026 1192 2096 αὐτὴ

346 2119 479 2227 Εξόχεας
501 2126 620 2227 ἀνδρῶν
635 2140 663 2201 τ’
683 2135 804 2229 ἀγαθῶν
822 2125 942 2227 ἀνδρῶν
962 2160 996 2200 τε
1019 2125 1156 2219 δικαίων,

349 2217 394 2307 Θν
414 2243 460 2309 ἔτι
482 2242 532 2308 καὶ
546 2252 597 2309 νῦν
616 2239 692 2335 αἷμα
711 2245 771 2330 βοᾷ
790 2242 829 2320 εἰς
844 2241 948 2335 αἰθέρα
965 2241 1093 2334 μακρόν.

401 2333 476 2426 Ιθξει
490 2376 537 2416 σοι
554 2353 657 2443 πληγή
678 2351 809 2444 μεγάλη,
829 2349 980 2445 Αἴγυπτε,
998 2349 1074 2440 πρὸς
1090 2346 1204 2430 οἴκους,

246 2458 307 2527 315
350 2460 448 2537 Δεινή,
468 2457 503 2530 ἢν
523 2459 557 2522 οῦ
578 2459 695 2523 πώποτ’
714 2460 885 2536 ἐπήλπισας
904 2458 1067 2550 ἐρχομένην
1088 2481 1147 2521 σοι.

351 2548 497 2655 Ῥομραία
511 2560 568 2657 γάρ
586 2547 666 2659 [τοι]
688 2555 873 2631 διελεύσεται
893 2548 1046 2658 [άμμέσα]
1065 2570 1140 2647 σεῖο,

352 2672 544 2762 Σκορπισμῦς
560 2660 645 2736 δότε
661 2671 713 2738 καὶ
732 2670 862 2750 θάνατος
880 2672 931 2738 καὶ
949 2673 1038 2765 λιμὸς
1057 2663 1164 2762 ε’ρέξει,

353 2763 528 2871 Αῦδομάτη
542 2787 628 2872 γενεῇ
650 2782 824 2863 βασιλήων·
841 2778 892 2846 καὶ
908 2780 981 2846 τότε
998 2781 1111 2871 παόσρ.

404 2878 444 2952 Αθ
459 2881 492 2951 αἴ
504 2911 563 2969 σοι,
579 2886 666 2977 χώρα
688 2887 760 2980 Γὼγ
777 2877 833 2961 ήδὲ
853 2889 987 2982 Μαγὼγ,
1008 2887 1098 2979 μέσον
1118 2879 1194 2951 οὖσα

249 2997 314 3061 3οο
352 2990 507 3060 Αἰθιόπων
525 3002 691 3086 ποταμῶν,
715 2993 807 3060 πόσον
831 2995 960 3086 αἵματος
980 2995 1099 3085 ἔκχυμα
1119 2983 1204 3083 δέξῃ,

354 3100 420 3168 Καὶ
438 3099 562 3191 κρίσεως
580 3097 695 3178 οἴκησις
713 3103 742 3168 ἐν
762 3101 947 3194 ἀνθρώποισι
966 3104 1110 3192 κεκλήσῃ,

354 3207 417 3273 Καὶ
433 3207 537 3274 πίεταί
554 3234 608 3274 σου
624 3215 699 3303 γαῖα
717 3198 907 3302 πολόδροσσς
927 3204 1002 3300 αἷμα
1020 3208 1168 3274 κελαινόν.

249 3404 251 3408 ρ
408 3310 449 3379 Αἲ
467 3314 500 3380 αἴ
521 3341 581 3400 σοι,
601 3312 722 3390 Αιῦόη·
750 3311 780 3382 αἲ
798 3312 828 3383 αἲ
846 3308 893 3398 δὲ,
909 3314 1048 3383 θάλασσά
1069 3341 1101 3381 τε
1116 3315 1167 3382 καὶ
1181 3318 1232 3408 γά.

355 3423 529 3515 Θυγατέρες
550 3414 687 3516 δυσμῶν,
706 3430 746 3502 ὡς
764 3417 851 3500 ἥξετε
868 3424 975 3517 πικρὸν
995 3429 1023 3502 ἐς
1044 3421 1139 3517 ἦμαρ.

250 3529 313 3598 325
354 3509 454 3605 θθξετε
471 3529 524 3596 καὶ
543 3535 692 3620 χαλεποῖο
711 3521 897 3623 διωκόμεναι
915 3533 967 3598 ὑπ’
987 3531 1114 3625 άγῶνος,

247 3767 278 3775 -
293 3741 351 3798 303,
366 3753 420 3804 sqq.
439 3736 513 3788 Vetus
527 3736 635 3803 Babylon
653 3737 764 3804 Assyriae.
785 3767 814 3776 -
833 3743 892 3799 313,
907 3756 961 3805 sqq.
980 3739 1098 3806 AEgypms
1112 3738 1229 3804 usquead
1241 3736 1371 3803 septimum

245 3838 334 3888 regem,
356 3831 411 3889 post
423 3821 491 3872 hunc
500 3819 623 3886 quietura.
633 3849 664 3859 -
680 3824 737 3881 319,
751 3839 804 3889 sqq.
820 3823 872 3889 Gog
894 3833 919 3873 ει
939 3824 1024 3889 Magog
1043 3824 1178 3889 [incertum
1192 3821 1314 3889 quomodo
1328 3821 1372 3871 Α]-

243 3903 361 3975 ιλιίομὶεἰε
383 3906 510 3975 adscripta
531 3906 698 3973 regionibus}
715 3937 746 3946 -
761 3913 819 3961 323.
831 3909 923 3970 Africa,
939 3919 963 3959 et
978 3926 1062 3959 omnes
1075 3920 1146 3961 terrae
1159 3910 1284 3973 mariaque
1298 3908 1375 3972 [prae-

243 3992 328 4043 sertim
342 3991 486 4053 occidentis,
496 3992 534 4043 uti
548 3994 655 4058 remur]‚
670 4009 720 4042 uno
737 4011 807 4044 versu
821 3995 955 4062 deplorata.
970 4024 1001 4032 —

244 4145 310 4195 mus,
317 4129 583 4198 interpolatoeinitium.
592 4130 728 4181 Sedtamen
736 4141 795 4181 ante
860 4137 917 4183 301.
937 4132 1004 4183 Finis
1013 4150 1095 4184 versus
1103 4152 1132 4184 ex
1143 4134 1256 4184 Hesiodo.

245 4204 313 4256 hunc
325 4221 422 4256 versum
431 4206 532 4256 nullain
541 4207 612 4256 codd.
623 4207 715 4256 Ιοοοιιιε
725 4217 793 4268 nota,
860 4212 917 4259 303.
937 4209 988 4260 cfr.
1002 4209 1031 4270 V,
1043 4213 1073 4261 92
1086 4211 1161 4276 (bis).

244 4297 274 4332 ae
287 4298 319 4332 ne
335 4298 440 4332 vacuum
457 4280 557 4348 quidem
575 4281 723 4349 relinquitur
740 4300 795 4350 spa·
860 4288 917 4335 309.
938 4286 999 4335 Cum
1008 4288 1105 4344 τέκνοις
1116 4289 1195 4354 suppl.
1208 4288 1260 4352 ἅμα
1269 4284 1306 4335 vel
1315 4286 1373 4345 σῦν,

245 4355 317 4409 tium.
331 4357 446 4409 Ceterum
460 4357 561 4408 exordia
574 4359 658 4410 confer
671 4357 794 4410 simillima
827 4370 854 4409 ut
863 4359 927 4411 infra
942 4378 999 4411 cum
1015 4363 1138 4426 τεκέεσσι,
1149 4367 1198 4414 3ῖ9
1208 4379 1214 4411 ;
1225 4361 1299 4412 etiam
1316 4377 1375 4411 cum

244 4449 327 4501 supra,
340 4436 397 4493 162,
412 4449 476 4499 sqq„
485 4432 591 4495 σιίιιίτει,
607 4438 665 4496 48⁰,
675 4451 740 4501 εσσε
751 4436 793 4485 sed
826 4434 900 4485 verbo
909 4438 1070 4504 supplendum
1080 4440 1117 4498 σέ,
1127 4448 1151 4489 ει
1164 4438 1241 4503 θυμός
1252 4436 1375 4505 accipien-

243 4517 268 4558 ει
283 4508 316 4568 ll,
332 4512 355 4569 1,
370 4525 425 4575 sqq.
826 4511 884 4561 dum
896 4521 1012 4578 tanquam
1021 4515 1102 4580 χόλος.
